3746 5142
248 492 586 585 uovronurm
605 509 666 574 m
680 483 886 572 AYTTA
907 487 1262 584 zurcuuuruur.
1331 521 1411 614 109

235 651 292 727 De
310 649 467 725 omnibus
484 649 521 722 δι
536 645 578 720 ad
594 645 707 718 omnia
728 641 865 716 scribam
882 645 1075 738 diligenter,
1098 652 1207 740 primo
1227 656 1325 728 cursu
1343 679 1410 750 pu,

194 751 307 840 ilico,
330 768 433 840 quem
452 745 516 837 jam
544 741 811 816 hebdomadibus
830 755 975 830 quatuor
997 746 1075 833 plus
1098 746 1208 822 minus
1236 771 1408 844 urgemuu

187 846 402 922 -Diutumum
421 841 567 916 vestrum
589 837 757 912 silentium
778 836 963 926 miramur,
984 840 1042 911 nisr
1058 837 1189 914 fortalie
1213 847 1324 918 omnia
1342 848 1410 942 jam

187 943 316 1031 reete,
345 939 441 1033 quod
457 935 610 1008 nonnulli
626 935 681 1006 hic
707 945 923 1026 augurantur.
963 934 1032 1006 Sed
1056 935 1136 1007 mihi
1156 940 1190 1011 in
1216 943 1410 1034 tempestate

194 1039 293 1112 valde
323 1035 454 1125 semper
480 1029 628 1123 susperia
652 1029 757 1101 subita
783 1029 1005 1124 tranquillitas.
1058 1031 1172 1119 Cura,
1206 1037 1411 1112 Reverende

194 1132 341 1219 Praesul,
357 1149 395 1202 ut
417 1129 526 1202 valera
544 1179 557 1212 ,
572 1127 608 1198 δι
624 1126 767 1210 aruic08,
781 1143 859 1195 curn
878 1143 1110 1217 opportunum
1128 1131 1212 1216 erit,
1226 1134 1409 1221 plurimum
1473 1203 1478 1214 ,

198 1226 387 1300 salutandos
412 1243 501 1296 cum.
543 1221 679 1314 Raptim
701 1219 833 1292 Madriti
869 1241 924 1309 ¹4·
946 1221 1153 1294 Novembris
1178 1227 1280 1314 15⁶6.
1296 1229 1412 1301 Reve-

197 1321 309 1490 ffindae
337 1319 581 1396 Dominationis
612 1315 731 1390 vestrae
761 1313 977 1390 Paratiffimus
1022 1317 1159 1393 servitor
1202 1321 1412 1415 Jmcuums

235 1435 413 1492 ueuuuus..

443 1609 905 1698 EPISTOLA
1006 1611 1165 1696 XVI.

191 1867 195 1878 ·
250 1821 365 1906 Auo.
391 1816 493 1930 Jam
516 1838 620 1903 certo
636 1811 816 1928 premiffa
838 1813 963 1924 Regis
973 1813 1182 1923 proseiiio,
1211 1842 1298 1904 num
1325 1846 1412 1906 uam

196 1949 325 2018 remen
335 1927 484 2042 ferrera.
541 1927 675 2040 Frifiae
688 1924 773 2038 stre
791 1921 915 2036 cestim
936 1925 1044 2007 delet.
1100 1922 1262 2009 Comitia
1327 1931 1414 2054 egeri

195 2039 372 2154 Castaliae
417 2039 552 2127 iudidio
587 2036 768 2124 Madriti
795 2037 836 2116 in
866 2033 947 2120 Cal.
987 2031 1227 2120 Decembres.
1284 2039 1416 2124 Duces

193 2153 346 2240 Allan
368 2151 512 2234 leudes.
568 2149 685 2232 Cora.
710 2143 993 2228 Grunuellenur
1016 2143 1184 2256 Belgicae
1205 2143 1314 2232 rebus
1331 2169 1416 2259 ope-

179 2286 278 2350 ‚rem
316 2254 525 2366 neverese
550 2277 680 2364 rupere
706 2253 880 2348 diutine,
909 2253 960 2358 &⁰
978 2251 1020 2335 V
1019 2252 1108 2365 iglio
1126 2252 1418 2367 firocenturiari.

196 2367 242 2456 T
228 2366 394 2483 ystzaeus
417 2361 602 2480 disieffirm
621 2363 734 2479 strum
752 2361 1023 2478 procrastinat.
1086 2441 1094 2452 .

235 2591 261 2654 l

267 2743 276 2761 .
299 2685 338 2759 Ρ.
373 2687 478 2783 Quod
494 2685 575 2760 felix
593 2685 629 2759 dt
655 2684 802 2760 faustum
814 2689 1012 2780 donumque
1030 2688 1089 2776 sat,
1110 2687 1314 2765 Reverend'e
1331 2692 1416 2768 Pre-

196 2783 280 2872 ful‚
314 2785 390 2874 post
418 2800 470 2857 tor
505 2781 628 2854 vestras
661 2783 891 2875 scriptiones,
924 2783 1114 2875 nostrasque
1146 2805 1263 2876 preces
1297 2789 1334 2859 dt
1361 2811 1416 2864 err·

194 2879 422 2968 hortationes,
452 2879 585 2952 tandem
602 2880 708 2973 Regia
731 2879 886 2972 Maiestas
908 2879 951 2952 de
978 2879 1191 2972 profestione
1214 2880 1270 2954 sua
1293 2883 1415 2959 statuit.

197 2975 317 3049 Credo
336 2975 491 3069 equidem
502 2993 657 3066 tempus,
672 2975 900 3066 quodadeam
918 2976 1156 3068 remsumpsrt,
1172 2976 1310 3070 longum
1321 2981 1417 3054 vobis
1526 2984 1531 2992 '

195 3071 303 3146 visum
319 3072 381 3160 iri,
398 3069 684 3162 quemadmodum
699 3071 736 3142 dt
756 3071 851 3144 nobis
870 3071 946 3144 sane
961 3071 1095 3144 videtur
1114 3095 1129 3143 ε·
1148 3071 1205 3144 sed
1221 3075 1278 3164 qui
1294 3077 1418 3150 tardius

195 3165 316 3256 solvit,
338 3167 465 3240 tametsi
485 3183 637 3260 tempore
655 3165 770 3240 minus
791 3168 911 3256 solvit,
941 3189 976 3240 re
995 3183 1106 3241 tamen
1128 3168 1330 3262 ipsa-utique
1354 3173 1417 3248 sol·

195 3285 275 3339 vere
292 3265 422 3336 dieitur.
471 3265 550 3336 Nee
572 3264 713 3350 dubito,
736 3264 841 3356 quin,
864 3264 1149 3358 quemadmodum
1172 3287 1208 3337 re
1225 3271 1318 3340 certlr
1338 3288 1418 3363 cog·

196 3361 270 3433 niti
290 3359 326 3430 dt
348 3360 539 3448 intelledid,
570 3360 667 3433 multi
688 3359 770 3434 boni
797 3359 974 3451 respirare,
1003 3360 1219 3452 animumque
1243 3365 1417 3452 paululum

197 3453 368 3528 resumere
389 3457 585 3544 audebunt,
616 3457 660 3528 ita
688 3471 802 3531 contra
826 3477 868 3527 ex
893 3456 985 3528 malis
1008 3457 1162 3528 nonnulli
1187 3459 1351 3530 debilitari
1379 3481 1417 3532 ac

196 3549 332 3642 frangi,
356 3572 398 3622 ex
422 3551 530 3624 dubiis
554 3551 740 3644 resipiscere
775 3573 812 3623 ac
840 3551 1036 3624 confirmare
1063 3552 1097 3623 se
1130 3553 1300 3644 incipient.
1356 3553 1417 3624 Ad

195 3643 391 3739 vigesrmam
407 3648 548 3739 primam
574 3648 676 3742 hujus
696 3649 835 3729 mensu,
857 3647 1079 3719 referentibus
1102 3648 1198 3718 nobis
1222 3649 1266 3717 ad
1282 3649 1417 3738 Regem

195 3743 242 3815 de
261 3745 421 3832 senens,
443 3745 501 3837 qui
526 3747 647 3818 eodem
669 3743 723 3816 die
741 3743 873 3814 habitus
894 3757 985 3826 erat,
1009 3740 1193 3825 sententia,
1216 3740 1315 3830 super
1342 3761 1419 3832 pro·

196 3839 346 3912 feeiione
367 3839 448 3928 sua,
470 3841 622 3914 decrevit
638 3860 712 3910 eam
731 3837 788 3908 sua
804 3835 992 3928 Maiestam,
1004 3849 1135 3925 tempus
1154 3835 1279 3905 itineris
1299 3835 1419 3910 ineun-

197 3935 367 4008 didicens
390 3953 501 4012 totum
530 3935 679 4008 mensem
707 3931 945 4016 Februarium,
976 3949 1047 4020 quo
1076 3927 1196 3999 ultimo
1219 3951 1299 4002 vere
1323 3931 1417 4007 illiric

196 4029 296 4122 polire
313 4031 432 4105 adelie.
481 4031 679 4105 Addidit&
696 4027 950 4118 aliaquaedam,
974 4027 1017 4096 de
1040 4023 1166 4098 rarione
1184 4027 1307 4100 itineris
1330 4030 1418 4106 inilia

199 4125 318 4194 tuendi
343 4127 625 4220 instruendique3
657 4145 754 4219 quae,
786 4123 881 4216 quod
906 4123 1047 4212 publicis
1069 4121 1165 4194 literis
1190 4126 1233 4198 ad
1248 4125 1417 4200 Duellium

201 4219 312 4308 ample
326 4220 590 4312 perscribuntur,
613 4222 695 4298 nihil
710 4223 764 4296 hic
781 4241 869 4314 opus
886 4219 934 4292 ell
954 4217 1105 4296 inserere.
1138 4222 1287 4295 Tantum
1303 4223 1417 4294 Deum

200 4332 283 4402 oro,
308 4329 375 4404 ut,
394 4315 454 4395 ubi
469 4321 689 4410 venerimus,
707 4339 778 4394 nou
797 4317 832 4391 in
848 4335 925 4390 eum
943 4317 1057 4392 locum
1084 4337 1137 4392 res
1163 4315 1294 4390 remea
1322 4333 1420 4408 repe·
1455 4399 1463 4412 ι
