3736 5142
286 591 372 688 AD
388 587 624 685 VIGLIUM
642 618 700 680 AB
716 591 923 681 ΑΥΤΤΑ
942 591 1299 698 ZUICHEMUM.
1334 639 1412 734 197

183 757 328 848 uxoris3
348 754 495 844 addens,
517 751 655 844 srngulis
678 749 753 824 filiis
781 739 923 843 singulas
951 753 985 826 se
1003 755 1090 827 velle
1112 755 1190 858 dare
1209 769 1409 866 motiones,

190 875 230 928 ut
261 851 460 947 Compluti‚
491 849 586 944 quod
611 847 766 941 quinque
792 847 973 921 miliaribus
995 849 1204 946 bincabest,
1234 862 1271 934 in
1292 866 1409 947 studiis
1452 875 1456 900 r
1530 902 1534 910 ,

86 1029 91 1040 ,
191 953 328 1046 degant.
361 950 450 1022 Puto
472 963 587 1018 autem
599 944 748 1040 fingulos
764 943 1027 1060 quadringentos
1043 949 1189 1026 florenos
1204 975 1335 1038 annuos
1350 967 1408 1040 ha-

191 1045 331 1120 bituros.
1011 1093 1017 1102 ·

237 1143 346 1213 Porro
372 1138 533 1232 quoniam
555 1136 611 1210 sua
626 1134 783 1232 Maiestas
806 1139 935 1212 curiose
959 1141 1110 1238 quaefivit
1129 1150 1356 1248 ecquidjuris
1371 1159 1408 1233 in

196 1235 406 1310 Comitatum
425 1231 629 1306 Emdensem
650 1233 786 1322 babeat,
812 1233 939 1326 conjeci
965 1237 1000 1310 in
1023 1259 1120 1312 unam
1142 1242 1305 1322 summam
1330 1274 1409 1344 quae

195 1331 339 1406 erneis
363 1329 489 1424 scriptis
506 1329 684 1424 colligere,
708 1326 745 1399 dc
766 1333 926 1404 memoria
940 1350 1093 1426 repetere.
1103 1343 1201 1428 potui
1226 1364 1235 1414 ε
1260 1345 1407 1426 referens

97 1457 107 1474 ·
194 1449 250 1501 me
268 1447 370 1522 porro
387 1429 428 1500 ad
450 1447 488 1498 ea
505 1445 580 1518 quae
596 1423 691 1499 isthic
717 1423 752 1498 in
776 1426 917 1502 archivis
936 1431 1059 1506 exstare
1075 1436 1227 1528 possunt,
1249 1461 1289 1514 ac
1305 1447 1408 1520 maxi·

191 1529 248 1598 me
271 1545 347 1618 quae
367 1522 566 1617 Amplitudo
583 1521 714 1614 vestra,
738 1541 816 1616 quae
836 1544 948 1602 rerum
965 1531 1115 1604 omnium
1132 1537 1320 1628 peritiiiima
1337 1543 1406 1637 est,

191 1637 334 1694 mouent.
473 1695 478 1704 ,
980 1673 984 1680 ·
1032 1675 1035 1686 -

236 1717 314 1789 Rex
329 1717 423 1790 venit
443 1717 563 1796 abhinc
582 1715 736 1792 biduum.
782 1717 933 1794 Proxima
952 1723 1135 1818 septimana
1157 1732 1278 1808 dicitur
1298 1735 1405 1812 iturus

190 1813 226 1884 in
252 1814 439 1887 Arenxues.
485 1813 618 1903 Regina
644 1814 731 1881 male
756 1815 855 1920 valet.
901 1817 939 1886 In
965 1819 1091 1893 summa
1114 1825 1228 1900 sumus
1250 1833 1407 1922 expedia·

188 1908 305 2000 tione,
329 1907 490 2001 quidnam
506 1905 648 1977 tandern·
662 1903 842 1976 Germanra
857 1912 1045 1999 apportabit
1061 1917 1117 1985 vel
1132 1915 1195 2003 jam
1209 1939 1408 2011 appormve.

188 2007 243 2078 rit.
299 2007 480 2098 speramus
505 2015 616 2074 autern
647 1997 685 2069 dc
712 1997 970 2094 expenamus.
987 2003 1068 2079 Deo
1097 2006 1263 2100 juvante,
1295 2019 1406 2093 omnia

189 2102 291 2174 bona.
1140 2162 1145 2172 -
1186 2171 1188 2175 -
1336 2115 1339 2124 ’
1382 2111 1387 2120 ’

236 2195 293 2269 De
315 2193 453 2287 negotio
471 2189 714 2282 Amplitudinis
730 2191 847 2264 vestrae
859 2193 973 2287 -scripsr
989 2193 1207 2288 superioribus
1224 2204 1346 2302 literis,
1369 2211 1407 2288 dc

189 2292 294 2381 piene
310 2310 370 2378 per
392 2307 526 2372 metum,
540 2287 599 2376 qui
616 2284 723 2358 isthuc
740 2285 789 2359 est
806 2287 991 2381 profectus.
1013 2291 1108 2368 Bene
1127 2297 1219 2389 vale,
1234 2303 1406 2384 Reveren-

190 2383 234 2458 de
254 2382 373 2457 Praesul
391 2403 429 2456 ac
441 2383 595 2457 Patrone.
618 2382 754 2456 Madn'ti
771 2407 830 2477 24.
844 2385 1044 2480 Septembris
1064 2394 1167 2482 1568.
1195 2397 1407 2477 Reverendae

188 2479 431 2574 Amplitudinis
444 2481 557 2554 vestrae
573 2479 785 2574 paratiiiimus
800 2481 939 2558 servitor
949 2486 1159 2583 Joncrrrmus
1171 2489 1381 2575 Homerus.

236 2577 292 2651 De
307 2577 487 2670 nepotibus
504 2577 640 2666 vestris,
663 2577 700 2650 da
724 2578 814 2667 aliis,
837 2579 947 2674 scripsi
969 2584 1067 2658 latius
1087 2584 1308 2680 superioribus
1334 2597 1407 2670 lite·

189 2673 256 2760 risa
278 2673 315 2744 dc
329 2673 440 2744 omnia
450 2672 544 2748 rede
564 2673 598 2746 se
614 2672 751 2748 habent.
790 2675 955 2753 Herielius
974 2701 1017 2754 ex
1032 2682 1182 2758 secundo
1200 2690 1317 2762 morbo
1335 2711 1405 2786 gra·
1468 2731 1480 2742 -

189 2765 321 2844 viffirno
339 2766 405 2863 jam
424 2769 636 2844 convalescit

447 2982 915 3072 EPISTOLA
996 2991 1154 3079 LXI.

244 3187 360 3270 Atto.
395 3184 584 3298 Principe
616 3185 894 3302 Hispaniarum
930 3194 1048 3308 manse
1077 3197 1178 3310 julio
1222 3225 1406 3310 mortuo,

187 3295 352 3402 moritur
371 3295 528 3410 Regina
549 3298 606 3384 die
627 3301 747 3388 tertid
768 3300 950 3406 Odiobtis.
1004 3305 1233 3422 obtestatur
1246 3317 1312 3411 illa
1341 3351 1404 3408 rt-

188 3430 275 3514 grm
303 3405 555 3506 Galliarum,
576 3405 739 3524 fratrem
766 3413 906 3526 fluum,
938 3437 983 3504 ut
996 3421 1206 3514 ,iraerrticos
1243 3429 1403 3546 insolen-

190 3512 273 3600 tius
304 3534 463 3627 agentes
488 3545 622 3636 magno
648 3522 771 3611 animo
800 3526 961 3640 debellat.
1089 3593 1093 3600 -

190 3716 267 3916 S.
291 3818 330 3895 P.
358 3822 486 3900 Literas
511 3827 655 3917 vestras,
675 3827 879 3901 Reverendo
895 3829 1040 3920 Praesti,
1068 3831 1209 3909 Calend.
1229 3837 1400 3931 Septemb.

185 3913 319 4010 scriptas
339 3920 448 4014 pridie
476 3921 621 3998 Calend.
648 3921 805 3997 Octobris
829 3927 954 4022 accepi.
1000 3927 1069 4002 Sed
1094 3931 1137 4005 ad
1156 3951 1210 4005 eas
1227 3953 1317 4026 cras,
1340 3959 1403 4014 voa

186 4009 277 4084 iente
291 4013 392 4107 Deo,
402 4017 613 4112 respondebo
623 4041 635 4111 3
644 4041 721 4097 nam
736 4021 792 4094 has
804 4019 918 4097 furtin
933 4023 1041 4102 scnbo
1054 4029 1279 4121 pernobilem
1295 4055 1402 4131 quen·¹

187 4105 266 4176 dam
286 4107 446 4204 Gallum,
470 4117 531 4208 qui
548 4115 665 4194 nostris
688 4119 835 4214 epistolis
852 4143 921 4196 non
939 4125 1015 4200 vult
1037 4129 1177 4221 gravari.
1327 4139 1331 4148 '
1398 4169 1404 4178 ·

238 4196 317 4310 Post
334 4205 523 4306 Principem
553 4215 705 4288 nostrum
729 4217 841 4291 mense
865 4219 958 4315 Juiio
976 4221 1165 4315 morarum,
1188 4227 1285 4304 tertia
1301 4232 1401 4325 hujus

183 4309 344 4394 optimam
361 4305 532 4407 Reginam
547 4309 692 4386 nostram
709 4313 880 4388 amisimus
926 4317 1040 4414 Itaque
1062 4321 1097 4396 in
1122 4345 1215 4396 novo
1231 4323 1323 4396 ludu
1348 4325 1401 4396 su·

183 4409 281 4486 mus,
306 4395 366 4488 ut,
389 4423 494 4498 quem
512 4410 645 4483 candem
665 4407 789 4482 exitum
804 4409 876 4485 Rea
895 4413 1104 4491 Germanicae
1123 4417 1217 4492 isthic
1242 4417 1400 4494 babituae

182 4487 270 4584 sint,
293 4497 391 4574 vaide
410 4497 510 4580 avide
526 4503 753 4601 expediamus.
917 4515 920 4522 '
