3736 5142
266 543 351 635 AD
366 537 607 632 leLlUM
626 557 684 625 nr
700 535 908 627 AYTTA
925 537 1281 634 ZUICHEMUM.
1333 566 1421 662 243

191 704 302 799 1569.
349 694 565 778 Reverendae
599 685 841 794 nmpttudints
874 698 994 773 vestrae
1025 697 1241 794 paratiffimus
1272 703 1414 782 servitor

191 799 405 895 Joncfflmus
424 798 631 872 Hormus.

186 1025 191 1132 j
337 983 802 1126 urrs'ronn
864 1008 1248 1098 nxxrrrrr

101 1235 104 1242 '
247 1183 364 1308 Arm
397 1215 602 1302 Nauarum
623 1234 747 1298 rerum
764 1207 859 1296 aitis
877 1209 964 1326 effa,
994 1214 1096 1330 quod
1115 1212 1288 1301 Litteris
1302 1242 1409 1303 man·

189 1325 288 1418 dara
319 1327 446 1415 librat.
502 1321 575 1411 Μ
602 1348 647 1406 as
680 1319 706 1406 a
741 1322 973 1448 Margarita
997 1323 1205 1438 Parmaafi
1232 1327 1297 1441 qai
1319 1329 1410 1420 Da·

187 1437 307 1530 ntiaa
318 1437 403 1553 fita
422 1435 543 1526 malta
614 1433 727 1546 Raga
742 1430 915 1546 flagrtcr.

190 1644 269 1840 S.
291 1741 330 1814 P.
356 1739 561 1816 Reverende
579 1738 711 1816 Presul.
761 1739 853 1812 Cum
867 1741 920 1814 hir
935 1738 1057 1831 iunstae
1076 1740 1153 1816 sunt
1171 1741 1243 1816 alim
1260 1741 1347 1818 binae
1373 1742 1412 1816 li-

189 1853 272 1910 terae
298 1857 380 1908 meae
405 1835 448 1905 ad
476 1834 745 1919 Amplitudinem
773 1834 942 1916 vestram,
973 1853 1053 1920 quas
1074 1857 1215 1924 quoque
1241 1841 1413 1909 occasione

185 1931 299 2024 scripu
320 1951 330 1998 ε
354 1925 414 1999 sed
436 1940 615 2020 antequam
644 1927 687 1997 ad
713 1923 909 2016 magistrum
929 1923 1043 1995 cursus
1068 1927 1325 2016 perferrentur,
1347 1929 1413 2017 iam
1548 2001 1554 2012 ,

186 2026 339 2100 abierant
353 2017 515 2093 cursores.
562 2017 734 2092 Dominus
754 2018 930 2110 Tysnrcus
947 2015 1136 2107 procinctus
1158 2020 1206 2090 est
1232 2033 1269 2091 ut
1294 2023 1415 2110 abeat;

187 2140 256 2194 nec
270 2117 361 2194 aliud
378 2112 534 2208 expectat
554 2119 657 2206 qulm
673 2113 752 2188 sciat
773 2112 1055 2203 Carthaginemne
1075 2133 1116 2185 an
1133 2113 1176 2184 ad
1195 2111 1414 2188 Barcinonam

188 2215 237 2288 illi
264 2215 304 2288 lit
330 2209 621 2304 proficiscendum.
669 2211 784 2302 sigilla
800 2209 975 2300 &reliqua
991 2207 1072 2280 mihi
1092 2209 1234 2282 tradidit.
1282 2211 1416 2308 Expec·
1484 2235 1491 2242 ·

190 2322 301 2382 tamus
319 2305 464 2378 inhoms
479 2323 569 2378 nova
588 2307 738 2396 ambis,
762 2326 803 2378 ex
820 2301 1022 2396 Germania,
1044 2303 1082 2377 lit
1101 2303 1214 2394 Inlir3
1236 2326 1313 2382 nam
1326 2311 1415 2382 mul·

190 2403 310 2477 tisunt
326 2401 396 2473 dies
414 2401 510 2494 quod
522 2401 603 2474 ninil
620 2402 854 2494 acceperimus.

237 2497 418 2572 Novarum
445 2517 555 2571 rerum
583 2497 642 2571 hle
669 2499 749 2573 nihil
772 2495 821 2571 est
847 2495 1023 2590 scriptione
1049 2493 1191 2594 dignum
1200 2541 1216 2588 ,-
1243 2511 1300 2572 aut
1322 2501 1413 2573 cent

186 2595 287 2688 quod
311 2596 410 2668 lrbeat
426 2593 568 2668 scribere
593 2617 603 2666 r
628 2595 673 2672 ita
693 2615 757 2669 nos
775 2595 924 2686 undique
940 2593 1189 2670 circumvallant
1207 2597 1303 2670 mala.
1353 2597 1417 2668 At·

215 2711 260 2767 ue
281 2691 408 2764 utinam
435 2689 525 2763 diem
547 2691 643 2764 illum
671 2691 787 2768 videre
813 2689 950 2765 tandem
970 2689 1149 2786 possmus,
1170 2713 1242 2788 quo
1270 2711 1356 2766 uxor
1372 2691 1412 2766 ut

183 2787 211 2860 11
256 2785 283 2860 ri
301 2787 371 2858 huc
391 2787 582 2882 adveniant.

238 2880 287 2956 Ni
311 2901 375 2978 per
399 2885 559 2976 temporis
577 2883 776 2960 breviutem
791 2883 890 2976 tllct,
911 2883 1078 2957 mitterem
1093 2883 1291 2976 exemplum
1311 2883 1416 2958 literr-

188 2996 267 3054 rum
287 2997 371 3070 quas
389 2978 446 3052 lua
460 2979 616 3074 Maiestas
634 2981 679 3054 ad
697 2981 965 3074 Amplitudinem
982 2979 1124 3054 vestram
1141 2979 1270 3068 scribit,
1294 2979 1331 3052 δι
1350 2981 1413 3056 do-

187 3071 283 3148 mino
309 3073 470 3168 Tysmco
497 3077 710 3168 perferendas
734 3075 866 3150 tradidit
888 3104 896 3145 :
920 3075 978 3150 sed
1030 3097 1065 3150 er
1091 3074 1283 3168 proximum
1299 3077 1413 3152 curso-

188 3187 285 3260 rem,
317 3169 454 3244 volente
480 3172 584 3262 Deo,
621 3173 657 3246 ld
681 3173 755 3246 sum
781 3171 941 3246 factums.
1022 3171 1095 3266 upit
1117 3187 1230 3246 autem
1255 3173 1414 3248 omnibus

186 3265 325 3356 modis,
346 3280 384 3340 ut
401 3265 600 3359 Amplitudo
620 3268 727 3342 vestm
744 3269 779 3342 in
799 3267 950 3345 Consilio
967 3267 1081 3346 Status
1095 3284 1247 3360 maneat,
1270 3287 1349 3344 cum
1369 3269 1411 3344 ti·

185 3363 265 3434 tuto
282 3361 472 3436 Praefidttus
489 3363 574 3438 illius
593 3361 745 3439 Consilii.

236 3453 323 3566 Dies
341 3455 418 3530 sunt
432 3457 505 3532 duo
522 3475 579 3530 aut
597 3475 662 3534 tres
677 3460 774 3552 quod
792 3481 870 3535 cum
887 3459 988 3536 Duce
1004 3459 1146 3537 Fetiano
1163 3461 1217 3576 egi
1232 3461 1274 3536 de
1290 3457 1413 3536 hones·

189 3562 226 3624 tu
245 3545 396 3624 mtffione
414 3552 654 3644 Amplitudinis
666 3559 804 3646 vestrm,
825 3579 927 3650 quam
951 3558 997 3630 nit
1014 3558 1105 3632 suam
1123 3559 1333 3654 MaJestatem
1346 3558 1413 3652 (ut

190 3644 230 3720 δι
246 3645 316 3760 ipsi
333 3645 415 3722 mihi
432 3645 540 3744 dixit)
556 3657 659 3743 qulnr
676 3651 902 3745 ampliffimam
921 3653 1098 3726 fatturam.
1121 3653 1201 3724 Post
1218 3653 1292 3724 dies
1314 3649 1412 3739 quin·

188 3741 302 3832 tlecrm
327 3757 386 3816 rut
411 3758 477 3816 tres
496 3742 581 3834 julllt
598 3749 689 3820 idem
707 3749 813 3832 Dux,
836 3761 876 3816 ut
889 3745 1089 3816 Folcrtdum
1115 3745 1284 3834 adipsum
1306 3742 1413 3810 dedu·

190 3855 289 3925 cam,
318 3838 504 3932 quodsum
527 3839 690 3912 frtturus.
737 3835 1008 3910 Salmanticenses
1023 3837 1126 3906 nostri
1151 3837 1322 3906 consilium
1342 3854 1410 3908 cue·

187 3949 333 4022 petunt,
357 3938 377 4006 ὲ
402 3955 440 4007 re
465 3933 525 4004 srbi
547 3933 674 4024 videri,
704 3943 743 4004 ut
767 3930 974 4006 Sahnanucae
996 3927 1061 4002 hic
1086 3931 1208 4021 hyeme
1229 3945 1408 4022 maneant,

188 4029 285 4118 quod
310 4028 411 4101 valde
437 4028 559 4122 probo.
606 4027 748 4104 Restant
762 4025 852 4120 apud
867 4045 922 4098 me
938 4025 1028 4098 mille
1043 4027 1277 4121 quadringenti
1292 4049 1410 4123 argen-

189 4125 261 4208 tei,
283 4144 370 4214 quos
394 4125 546 4218 proxime
566 4125 610 4197 acl
634 4127 708 4200 illos
732 4123 805 4200 sum
837 4121 1001 4196 mittum
1047 4124 1143 4198 Bene
1171 4126 1270 4214 vale,
1294 4125 1411 4201 Reve·
1529 4177 1531 4182 -

190 4217 297 4287 rende
323 4219 469 4308 Praesul‚
493 4223 619 4314 optime
646 4237 810 4314 patrone,
834 4218 871 4294 &
894 4239 969 4308 me,
992 4219 1160 4311 uetans,
1182 4243 1266 4296 ama.
1316 4223 1411 4310 Rap-

191 4311 278 4399 tim,
303 4312 420 4383 ulnmt
439 4317 643 4408 Septembris
663 4317 767 4408 1569.
797 4315 1011 4390 Reuerendre
1028 4317 1271 4414 Amplitudinit
1290 4315 1407 4390 vestrae

190 4406 409 4500 paratissimus
430 4409 568 4490 servitem
582 4415 794 4510 Juncrnmus
818 4412 1029 4578 Horrrffiss.

1037 4525 1061 4577 2
