3736 5142
423 551 504 642 274
545 521 853 637 Jonontttt
891 521 1166 606 uerrunt
1201 487 1516 610 tuiscone

423 701 570 776 tempore
587 677 746 752 memoria
765 674 835 770 ejus
857 674 1042 785 habeatur,
1064 675 1249 784 imperavit.
1296 673 1342 748 Et
1359 673 1434 746 sane
1453 673 1551 766 quod
1569 673 1648 750 Do·

422 781 468 852 do
489 776 658 942 {ycnmm
680 793 777 846 meus
799 781 983 866 cognatus,
1005 793 1041 844 tn
1064 771 1175 848 locum
1198 789 1268 862 epus
1285 766 1457 860 succellit,
1472 790 1516 843 ex
1530 791 1648 846 annno

466 893 486 942 u
513 892 566 943 eu.

422 895 722 1042 pTZOmmonem
757 964 906 1040 nostrum
931 965 1037 1038 laxius
1062 963 1174 1038 habeti
1194 965 1300 1038 letor.
1346 963 1427 1040 Nec
1451 964 1552 1038 miror
1572 983 1649 1042 nott

428 1061 577 1151 absolvi,
599 1062 761 1154 quoniam
783 1083 861 1134 cum
880 1059 1064 1153 Hispanicis
1083 1059 1223 1132 consiliio
1244 1057 1344 1150 ineo
1360 1059 1508 1136 consessu
1531 1061 1647 1136 omnia

427 1175 609 1252 regantur,
632 1158 688 1234 hlc
708 1178 878 1252 nunquam
894 1177 1099 1248 quemquam
1110 1155 1298 1230 absolutum
1315 1155 1439 1244 audio,
1459 1152 1568 1249 'pudice
1585 1156 1649 1228 ho·

425 1255 515 1329 notis
545 1253 615 1342 sui,
650 1275 695 1330 ne
723 1253 806 1350 quid
825 1256 954 1328 temere
980 1251 1093 1328 fecille
1120 1251 1296 1338 videatur,
1324 1256 1429 1342 quim
1452 1250 1648 1328 meritorum

426 1351 556 1439 causae,
590 1352 695 1442 magis
721 1349 880 1422 rationem
909 1347 1053 1421 habente
1079 1370 1089 1418 :
1114 1347 1345 1437 superaturum
1368 1363 1485 1420 autem
1512 1346 1648 1422 tandem

424 1447 460 1518 id
479 1444 572 1534 quod
588 1444 703 1531 justius
721 1443 844 1516 rectius
867 1463 907 1510 ac
926 1444 1048 1514 melius
1072 1441 1146 1527 est,
1170 1439 1269 1512 edam
1288 1453 1390 1531 atque
1414 1442 1516 1513 etiam
1538 1441 1645 1534 spero,

425 1539 516 1610 Nam
537 1549 576 1606 ut
591 1535 633 1606 ad
673 1533 761 1608 ratiae
778 1533 936 1624 generalis
954 1535 1157 1606 beneficium
1174 1534 1345 1608 Tzommo
1360 1551 1531 1623 recurrat,
1553 1537 1650 1614 haud

423 1633 491 1702 scio
507 1649 550 1701 an
572 1647 636 1698 con
653 1627 698 1697 uli
710 1627 744 1695 er'
758 1627 899 1712 debeat,
923 1628 1002 1696 cum
1018 1628 1057 1698 lit
1072 1627 1257 1714 innocens,
1278 1643 1443 1716 quantum
1462 1629 1615 1721 intelligo
1635 1653 1652 1704 t

293 1759 301 1772 =
420 1738 478 1798 aut
495 1722 593 1793 etiam
608 1707 651 1790 {tn
674 1717 746 1792 fieti
762 1717 884 1812 pouit,
906 1736 1045 1811 propter
1072 1722 1243 1813 quandam
1265 1722 1365 1812 ipsius
1380 1723 1492 1814 gratie
1517 1723 1651 1798 clausu·

422 1820 500 1892 lam.
548 1813 874 1920 Quomodocunque
900 1834 953 1886 res
976 1815 1099 1903 cedat,
1129 1815 1272 1890 Wtdiua
1296 1823 1389 1889 certe
1414 1817 1579 1909 optimam
1600 1820 1650 1896 illi

423 1921 727 2096 opggmuffigffl
743 2001 926 2078 Pontificiae
950 2025 988 2076 ac
1004 2003 1124 2098 Regiae
1140 2007 1255 2099 gratiae
1273 2007 1499 2098 publicatione
1522 2010 1647 2092 utinam

423 2099 551 2196 aliquid
574 2099 736 2192 proximis
760 2098 861 2172 literis
875 2099 1044 2174 audiamus
1054 2125 1068 2192 3
1090 2123 1168 2176 nam
1186 2103 1308 2176 abhinc
1324 2103 1439 2176 mense
1457 2105 1644 2184 Novembri

424 2197 596 2292 superiore
614 2196 695 2270 hinc
718 2215 795 2270 eam
814 2195 982 2285 misimus,
1003 2217 1070 2288 qam
1092 2199 1136 2272 de
1155 2219 1191 2272 re
1214 2200 1415 2290 Amplitudo
1434 2201 1536 2274 vestra
1560 2200 1646 2278 mihi

422 2291 577 2394 ignoscet
597 2291 694 2386 quod
707 2291 790 2364 nihil
805 2289 985 2384 scripserim
994 2321 1012 2384 ς,
1031 2315 1108 2370 nam
1128 2295 1211 2368 Rex
1226 2295 1320 2386 ipse,
1331 2297 1368 2370 dr
1384 2295 1477 2370 dido
1494 2296 1530 2370 d
1547 2296 1648 2390 scrip·

425 2407 484 2478 to,
509 2409 553 2460 ne
577 2387 752 2480 quisquam
773 2389 987 2476 mortalium,
1008 2389 1251 2484 cuiuscumque
1274 2391 1402 2466 ordii-tis
1432 2395 1459 2466 ir
1485 2394 1588 2482 esset,
1609 2394 1647 2470 id
1793 2413 1799 2418 ·

428 2485 557 2574 sciret,
586 2482 863 2561 interminaverat
907 2485 1033 2577 Coepta
1056 2502 1169 2562 autem
1192 2487 1243 2560 est
1267 2507 1319 2562 tm
1343 2486 1468 2576 medati
1491 2487 1651 2578 postridie

425 2577 697 2675 quemdominus
713 2577 888 2670 Tysmcus
907 2581 986 2652 hinc
1001 2582 1147 2670 abieram
1179 2581 1217 2653 dt
1235 2585 1313 2654 eom
1334 2582 1564 2676 superformis
1576 2606 1648 2680 gra·

425 2679 503 2766 tiae,
526 2689 595 2748 tam
619 2674 739 2748 isthinc
763 2673 884 2766 misso,
907 2681 1010 2768 quam
1029 2677 1084 2757 luc
1101 2677 1449 2760 iDo'eltoreVelascu
1474 2683 1651 2774 conceptio

424 2773 524 2852 variae
544 2767 785 2863 disputationes
805 2787 1022 2848 moverentur
1047 2795 1058 2844 t
1081 2775 1203 2866 placuit
1221 2773 1354 2852 tandem
1372 2791 1517 2867 quatuor
1539 2777 1649 2854 divet-

424 2868 473 2942 sas
492 2869 616 2940 fornas
635 2867 750 2958 mitti,
779 2883 936 2960 utquam
959 2871 1061 2942 vellet
1085 2871 1166 2944 Dux
1182 2891 1228 2944 ex
1252 2871 1293 2944 iis
1306 2871 1447 2966 eligeret
1472 2894 1483 2944 t
1508 2874 1649 2965 reliqum

426 2963 623 3039 remitteret.
669 2962 708 3036 lu
734 2980 803 3054 qua
827 2963 990 3044 electione
1017 2983 1132 3042 utrum
1153 2965 1352 3059 Amplitudo
1376 2966 1485 3044 velina
1500 2969 1647 3044 interve·

426 3056 535 3144 uerit,
562 3057 769 3154 &quonam
784 3057 892 3132 forma
908 3060 1014 3136 eledc
1035 3062 1099 3151 stt,
1122 3059 1184 3136 suo
1199 3079 1375 3158 tempore,
1398 3064 1478 3140 Deo
1495 3061 1646 3152 volente,
1757 3075 1763 3085 “

424 3155 531 3228 intelli
557 3175 665 3232 emuS.

439 3301 442 3309 ·
470 3177 666 3354 Degssl’isco
708 3252 761 3326 tos
779 3252 1031 3335 Lmvardlends
1047 3251 1144 3330 bono
1165 3253 1311 3336 succedit
1324 3250 1509 3342 'modinum
1534 3249 1648 3342 gavisa

424 3341 475 3420 est
501 3339 557 3434 sua
579 3272 753 3434 Μαιεὶε,
776 3348 833 3420 cui
850 3350 962 3436 literas
988 3349 1087 3457 ipsius
1101 3350 1144 3455 Ε,
1159 3347 1256 3458 'copi
1281 3363 1368 3422 tutas
1392 3345 1474 3439 legi.
1521 3345 1647 3456 Unum

422 3450 535 3518 autem
561 3438 733 3510 occasione
765 3441 931 3516 schedula
956 3444 999 3519 ab
1033 3441 1243 3519 illustrissimo
1265 3441 1369 3520 Duce
1391 3442 1489 3536 super
1512 3443 1649 3520 dotibus

423 3525 672 3626 Episcopotum
697 3533 880 3610 mammilla
911 3541 954 3614 ad
979 3541 1248 3632 limpitudinem
1281 3538 1422 3616 vestram
1451 3539 1653 3631 perscribere

424 3629 504 3706 Rex
529 3623 639 3724 justit,
662 3649 785 3722 nempe
809 3631 892 3723 quid
920 3637 963 3710 de
982 3635 1198 3728 Praepositum
1216 3633 1457 3706 Bolsvardienfi
1474 3633 1532 3706 siat
1558 3655 1569 3702 ε
1592 3653 1652 3709 oo·

425 3729 508 3820 quid
532 3747 608 3802 eam
627 3725 813 3820 Episcopus
829 3730 1102 3820 stovardienlis,
1125 3746 1293 3820 tamquam
1319 3727 1379 3802 sabi
1404 3727 1438 3800 in
1461 3727 1578 3801 dotem
1597 3727 1649 3800 as-

424 3823 942 4014 lilim’dhlslhll
958 3825 1153 3998 illei
1167 3821 1648 4009 intirmorum

540 3975 561 3997 ,ο
852 3969 856 3977 ’
1286 3993 1288 3995 .
1410 3969 1425 4006 9
1630 3951 1647 3974 '⁴

426 4012 1650 4212 aarcarentanumunitatum’tottam

425 4199 484 4304 ubl
498 4221 560 4311 per
578 4211 719 4304 mortem
737 4200 903 4308 presentis
922 4205 1047 4277 Prolati
1065 4209 1281 4296 vacaverint3
1296 4209 1341 4282 de
1353 4206 1422 4282 aliie
1436 4224 1550 4280 autem
1569 4203 1652 4276 Mo·

424 4299 593 4383 interna,
616 4293 804 4385 cujusmodi
830 4295 907 4368 sunt
931 4300 1077 4395 Burgum
1102 4323 1166 4392 pto
1187 4302 1431 4376 Leovardienst
1459 4299 1648 4393 Episcopo,

424 4394 554 4473 Stude
575 4387 711 4469 Utsulae
732 4393 790 4468 uel
812 4395 957 4490 Agnetis
982 4398 1036 4494 (st
1057 4395 1132 4470 satis
1157 4396 1298 4480 memini
1316 4395 1485 4491 nominis)
1499 4417 1564 4493 pro
1577 4394 1651 4472 Da·
