<?xml version="1.0" encoding="UTF-8"?>
<!DOCTYPE html PUBLIC "-//W3C//DTD XHTML 1.0 Transitional//EN"
    "http://www.w3.org/TR/xhtml1/DTD/xhtml1-transitional.dtd">
<html xmlns="http://www.w3.org/1999/xhtml" xml:lang="en" lang="en">
 <head>
  <title>
</title>
<meta http-equiv="Content-Type" content="text/html;charset=utf-8" />
  <meta name='ocr-system' content='tesseract 3.04.00' />
  <meta name='ocr-capabilities' content='ocr_page ocr_carea ocr_par ocr_line ocrx_word'/>
</head>
<body>
  <div class='ocr_page' id='page_1' title='image "./jhopperifrisiie00hoppgoog_0151.png"; bbox 0 0 3746 5142; ppageno 0'>
   <div class='ocr_carea' id='block_1_1' title="bbox 320 517 1450 658">
    <p class='ocr_par' dir='ltr' id='par_1_1' title="bbox 320 517 1450 658">
     <span class='ocr_line' id='line_1_1' title="bbox 320 517 1450 658; baseline 0.005 -42"><span class='ocrx_word' id='word_1_1' title='bbox 320 533 404 630; x_wconf 73' lang='lat' dir='ltr'><strong>AD</strong></span> <span class='ocrx_word' id='word_1_2' title='bbox 418 525 656 658; x_wconf 77' lang='lat' dir='ltr'><strong>ViGLIUM</strong></span> <span class='ocrx_word' id='word_1_3' title='bbox 676 517 947 626; x_wconf 75' lang='lat' dir='ltr'><strong>mAYTTA</strong></span> <span class='ocrx_word' id='word_1_4' title='bbox 963 517 1311 620; x_wconf 74' lang='lat' dir='ltr'><strong>ZUICIOEMUM.</strong></span> <span class='ocrx_word' id='word_1_5' title='bbox 1369 557 1387 622; x_wconf 88' lang='lat'>1</span> <span class='ocrx_word' id='word_1_6' title='bbox 1395 557 1450 652; x_wconf 76' lang='lat'><strong>37</strong></span> 
     </span>
    </p>
   </div>
   <div class='ocr_carea' id='block_1_2' title="bbox 233 679 1524 2126">
    <p class='ocr_par' dir='ltr' id='par_1_2' title="bbox 236 679 1453 1074">
     <span class='ocr_line' id='line_1_2' title="bbox 237 679 1453 772; baseline -0.004 -5"><span class='ocrx_word' id='word_1_7' title='bbox 237 711 276 772; x_wconf 81' lang='lat' dir='ltr'><strong>ea</strong></span> <span class='ocrx_word' id='word_1_8' title='bbox 293 691 336 766; x_wconf 89' lang='lat' dir='ltr'><strong>de</strong></span> <span class='ocrx_word' id='word_1_9' title='bbox 353 713 391 764; x_wconf 86' lang='lat' dir='ltr'><strong>re</strong></span> <span class='ocrx_word' id='word_1_10' title='bbox 407 690 449 763; x_wconf 87' lang='lat' dir='ltr'><strong>ad</strong></span> <span class='ocrx_word' id='word_1_11' title='bbox 465 685 650 760; x_wconf 84' lang='lat' dir='ltr'><strong>Dominam</strong></span> <span class='ocrx_word' id='word_1_12' title='bbox 666 679 837 755; x_wconf 87' lang='lat' dir='ltr'><strong>Duciiiam</strong></span> <span class='ocrx_word' id='word_1_13' title='bbox 855 679 953 752; x_wconf 90' lang='lat' dir='ltr'><strong>mitto</strong></span> <span class='ocrx_word' id='word_1_14' title='bbox 971 734 984 768; x_wconf 90' lang='lat'><strong>,</strong></span> <span class='ocrx_word' id='word_1_15' title='bbox 1006 701 1090 772; x_wconf 85' lang='lat' dir='ltr'><strong>quas</strong></span> <span class='ocrx_word' id='word_1_16' title='bbox 1107 681 1273 759; x_wconf 90' lang='lat' dir='ltr'><strong>Dominus</strong></span> <span class='ocrx_word' id='word_1_17' title='bbox 1289 711 1356 764; x_wconf 91' lang='lat' dir='ltr'><strong>van</strong></span> <span class='ocrx_word' id='word_1_18' title='bbox 1375 693 1453 768; x_wconf 85' lang='lat' dir='ltr'><strong>Loo</strong></span> 
     </span>
     <span class='ocr_line' id='line_1_3' title="bbox 236 777 1452 879; baseline -0.002 -15"><span class='ocrx_word' id='word_1_19' title='bbox 236 789 285 864; x_wconf 81' lang='lat' dir='ltr'><strong>oti</strong></span> <span class='ocrx_word' id='word_1_20' title='bbox 307 789 670 877; x_wconf 78' lang='lat' dir='ltr'><strong>tradet;rogotamque</strong></span> <span class='ocrx_word' id='word_1_21' title='bbox 695 779 805 850; x_wconf 86' lang='lat' dir='ltr'><strong>habeo</strong></span> <span class='ocrx_word' id='word_1_22' title='bbox 827 777 969 868; x_wconf 88' lang='lat' dir='ltr'><strong>Amplit.</strong></span> <span class='ocrx_word' id='word_1_23' title='bbox 994 779 1169 868; x_wconf 89' lang='lat' dir='ltr'><strong>vestram,</strong></span> <span class='ocrx_word' id='word_1_24' title='bbox 1192 797 1343 874; x_wconf 87' lang='lat' dir='ltr'><strong>utrem,</strong></span> <span class='ocrx_word' id='word_1_25' title='bbox 1367 807 1452 879; x_wconf 92' lang='lat' dir='ltr'><strong>quo·</strong></span> 
     </span>
     <span class='ocr_line' id='line_1_4' title="bbox 237 871 1451 980; baseline -0.001 -22"><span class='ocrx_word' id='word_1_26' title='bbox 237 885 281 958; x_wconf 86' lang='lat' dir='ltr'><strong>ad</strong></span> <span class='ocrx_word' id='word_1_27' title='bbox 295 883 433 980; x_wconf 90' lang='lat' dir='ltr'><strong>potest,</strong></span> <span class='ocrx_word' id='word_1_28' title='bbox 453 893 685 972; x_wconf 89' lang='lat' dir='ltr'><strong>promoveat,</strong></span> <span class='ocrx_word' id='word_1_29' title='bbox 709 887 748 946; x_wconf 91' lang='lat' dir='ltr'><strong>ut</strong></span> <span class='ocrx_word' id='word_1_30' title='bbox 762 892 839 964; x_wconf 84' lang='lat' dir='ltr'><strong>quae</strong></span> <span class='ocrx_word' id='word_1_31' title='bbox 860 871 982 946; x_wconf 84' lang='lat' dir='ltr'><strong>restant</strong></span> <span class='ocrx_word' id='word_1_32' title='bbox 1003 890 1214 967; x_wconf 74' lang='lat' dir='ltr'><strong>peragantur.</strong></span> <span class='ocrx_word' id='word_1_33' title='bbox 1260 879 1353 954; x_wconf 89' lang='lat' dir='ltr'><strong>Nam</strong></span> <span class='ocrx_word' id='word_1_34' title='bbox 1376 905 1451 957; x_wconf 87' lang='lat' dir='ltr'><strong>om·</strong></span> 
     </span>
     <span class='ocr_line' id='line_1_5' title="bbox 237 967 852 1074; baseline -0.031 -18"><span class='ocrx_word' id='word_1_35' title='bbox 237 1001 300 1056; x_wconf 89' lang='lat' dir='ltr'><strong>nes</strong></span> <span class='ocrx_word' id='word_1_36' title='bbox 318 1000 403 1074; x_wconf 90' lang='lat' dir='ltr'><strong>opes</strong></span> <span class='ocrx_word' id='word_1_37' title='bbox 415 997 501 1048; x_wconf 84' lang='lat' dir='ltr'><strong>meae</strong></span> <span class='ocrx_word' id='word_1_38' title='bbox 523 976 559 1046; x_wconf 90' lang='lat' dir='ltr'><strong>in</strong></span> <span class='ocrx_word' id='word_1_39' title='bbox 574 971 669 1048; x_wconf 82' lang='lat' dir='ltr'><strong>vobis</strong></span> <span class='ocrx_word' id='word_1_40' title='bbox 681 970 749 1042; x_wconf 86' lang='lat' dir='ltr'><strong>srtae</strong></span> <span class='ocrx_word' id='word_1_41' title='bbox 763 967 852 1040; x_wconf 87' lang='lat' dir='ltr'><strong>sunt.</strong></span> 
     </span>
    </p>

    <p class='ocr_par' dir='ltr' id='par_1_3' title="bbox 242 1065 1455 1457">
     <span class='ocr_line' id='line_1_6' title="bbox 289 1065 1455 1175; baseline -0.002 -27"><span class='ocrx_word' id='word_1_42' title='bbox 289 1077 386 1175; x_wconf 91' lang='lat' dir='ltr'><strong>Quin</strong></span> <span class='ocrx_word' id='word_1_43' title='bbox 403 1073 441 1143; x_wconf 80' lang='lat' dir='ltr'><strong>dt</strong></span> <span class='ocrx_word' id='word_1_44' title='bbox 458 1069 556 1144; x_wconf 82' lang='lat' dir='ltr'><strong>uxori</strong></span> <span class='ocrx_word' id='word_1_45' title='bbox 581 1068 728 1138; x_wconf 88' lang='lat' dir='ltr'><strong>animum</strong></span> <span class='ocrx_word' id='word_1_46' title='bbox 745 1083 999 1157; x_wconf 76' lang='lat' dir='ltr'><strong>nonnumquam</strong></span> <span class='ocrx_word' id='word_1_47' title='bbox 1020 1065 1098 1138; x_wconf 88' lang='lat' dir='ltr'><strong>addi</strong></span> <span class='ocrx_word' id='word_1_48' title='bbox 1116 1067 1218 1140; x_wconf 87' lang='lat' dir='ltr'><strong>velim</strong></span> <span class='ocrx_word' id='word_1_49' title='bbox 1229 1091 1318 1163; x_wconf 90' lang='lat' dir='ltr'><strong>,quo</strong></span> <span class='ocrx_word' id='word_1_50' title='bbox 1342 1075 1455 1150; x_wconf 85' lang='lat' dir='ltr'><strong>minus</strong></span> 
     </span>
     <span class='ocr_line' id='line_1_7' title="bbox 242 1159 1451 1262; baseline -0.003 -16"><span class='ocrx_word' id='word_1_51' title='bbox 242 1173 318 1246; x_wconf 71' lang='lat' dir='ltr'><strong>iaec</strong></span> <span class='ocrx_word' id='word_1_52' title='bbox 345 1189 438 1244; x_wconf 88' lang='lat' dir='ltr'><strong>mota</strong></span> <span class='ocrx_word' id='word_1_53' title='bbox 452 1161 588 1237; x_wconf 84' lang='lat' dir='ltr'><strong>motesta</strong></span> <span class='ocrx_word' id='word_1_54' title='bbox 602 1161 633 1231; x_wconf 91' lang='lat' dir='ltr'><strong>ei</strong></span> <span class='ocrx_word' id='word_1_55' title='bbox 656 1159 703 1233; x_wconf 80' lang='lat' dir='ltr'><strong>[it</strong></span> <span class='ocrx_word' id='word_1_56' title='bbox 747 1159 872 1246; x_wconf 88' lang='lat' dir='ltr'><strong>Nam,</strong></span> <span class='ocrx_word' id='word_1_57' title='bbox 901 1161 996 1250; x_wconf 93' lang='lat' dir='ltr'><strong>quod</strong></span> <span class='ocrx_word' id='word_1_58' title='bbox 1012 1163 1108 1234; x_wconf 89' lang='lat' dir='ltr'><strong>Deus</strong></span> <span class='ocrx_word' id='word_1_59' title='bbox 1127 1167 1320 1257; x_wconf 83' lang='lat' dir='ltr'><strong>approbet,</strong></span> <span class='ocrx_word' id='word_1_60' title='bbox 1342 1172 1451 1262; x_wconf 89' lang='lat' dir='ltr'><strong>primo</strong></span> 
     </span>
     <span class='ocr_line' id='line_1_8' title="bbox 243 1255 1454 1358; baseline -0.005 -19"><span class='ocrx_word' id='word_1_61' title='bbox 243 1286 330 1339; x_wconf 87' lang='lat' dir='ltr'><strong>vere</strong></span> <span class='ocrx_word' id='word_1_62' title='bbox 349 1266 487 1336; x_wconf 89' lang='lat' dir='ltr'><strong>omnino</strong></span> <span class='ocrx_word' id='word_1_63' title='bbox 504 1262 569 1332; x_wconf 76' lang='lat' dir='ltr'><strong>una</strong></span> <span class='ocrx_word' id='word_1_64' title='bbox 587 1259 735 1328; x_wconf 86' lang='lat' dir='ltr'><strong>erimus:</strong></span> <span class='ocrx_word' id='word_1_65' title='bbox 759 1256 827 1328; x_wconf 80' lang='lat' dir='ltr'><strong>save</strong></span> <span class='ocrx_word' id='word_1_66' title='bbox 847 1275 907 1326; x_wconf 89' lang='lat' dir='ltr'><strong>nos</strong></span> <span class='ocrx_word' id='word_1_67' title='bbox 925 1255 1009 1328; x_wconf 91' lang='lat' dir='ltr'><strong>istuc</strong></span> <span class='ocrx_word' id='word_1_68' title='bbox 1026 1256 1224 1348; x_wconf 81' lang='lat' dir='ltr'><strong>veniamus,</strong></span> <span class='ocrx_word' id='word_1_69' title='bbox 1247 1263 1343 1355; x_wconf 91' lang='lat' dir='ltr'><strong>quod</strong></span> <span class='ocrx_word' id='word_1_70' title='bbox 1351 1267 1454 1358; x_wconf 74' lang='lat' dir='ltr'><strong>plane</strong></span> 
     </span>
     <span class='ocr_line' id='line_1_9' title="bbox 246 1351 1247 1457; baseline -0.006 -24"><span class='ocrx_word' id='word_1_71' title='bbox 246 1359 370 1457; x_wconf 87' lang='lat' dir='ltr'><strong>spero;</strong></span> <span class='ocrx_word' id='word_1_72' title='bbox 392 1359 460 1431; x_wconf 86' lang='lat' dir='ltr'><strong>five</strong></span> <span class='ocrx_word' id='word_1_73' title='bbox 485 1355 536 1428; x_wconf 88' lang='lat' dir='ltr'><strong>illa</strong></span> <span class='ocrx_word' id='word_1_74' title='bbox 552 1351 619 1423; x_wconf 90' lang='lat' dir='ltr'><strong>huc</strong></span> <span class='ocrx_word' id='word_1_75' title='bbox 636 1351 780 1443; x_wconf 81' lang='lat' dir='ltr'><strong>,q110d‚</strong></span> <span class='ocrx_word' id='word_1_76' title='bbox 797 1367 836 1421; x_wconf 90' lang='lat' dir='ltr'><strong>ut</strong></span> <span class='ocrx_word' id='word_1_77' title='bbox 853 1367 960 1440; x_wconf 88' lang='lat' dir='ltr'><strong>puto,</strong></span> <span class='ocrx_word' id='word_1_78' title='bbox 982 1373 1052 1425; x_wconf 88' lang='lat' dir='ltr'><strong>non</strong></span> <span class='ocrx_word' id='word_1_79' title='bbox 1071 1353 1133 1424; x_wconf 89' lang='lat' dir='ltr'><strong>erit</strong></span> <span class='ocrx_word' id='word_1_80' title='bbox 1150 1375 1247 1446; x_wconf 85' lang='lat' dir='ltr'><strong>opus</strong></span> 
     </span>
    </p>

    <p class='ocr_par' dir='ltr' id='par_1_4' title="bbox 233 1445 1524 1832">
     <span class='ocr_line' id='line_1_10' title="bbox 289 1445 1452 1548; baseline 0.006 -26"><span class='ocrx_word' id='word_1_81' title='bbox 289 1456 401 1548; x_wconf 82' lang='lat' dir='ltr'><strong>Regia</strong></span> <span class='ocrx_word' id='word_1_82' title='bbox 417 1450 570 1542; x_wconf 85' lang='lat' dir='ltr'><strong>Majestas</strong></span> <span class='ocrx_word' id='word_1_83' title='bbox 595 1448 776 1520; x_wconf 82' lang='lat' dir='ltr'><strong>Dominum</strong></span> <span class='ocrx_word' id='word_1_84' title='bbox 798 1445 991 1536; x_wconf 87' lang='lat' dir='ltr'><strong>Tysnacum</strong></span> <span class='ocrx_word' id='word_1_85' title='bbox 1016 1447 1127 1521; x_wconf 89' lang='lat' dir='ltr'><strong>adhuc</strong></span> <span class='ocrx_word' id='word_1_86' title='bbox 1148 1449 1318 1527; x_wconf 80' lang='lat' dir='ltr'><strong>subsistere</strong></span> <span class='ocrx_word' id='word_1_87' title='bbox 1339 1451 1452 1545; x_wconf 77' lang='lat' dir='ltr'><strong>iuffit:</strong></span> 
     </span>
     <span class='ocr_line' id='line_1_11' title="bbox 243 1543 1453 1646; baseline 0.002 -25"><span class='ocrx_word' id='word_1_88' title='bbox 243 1551 375 1646; x_wconf 89' lang='lat' dir='ltr'><strong>quod,</strong></span> <span class='ocrx_word' id='word_1_89' title='bbox 399 1564 437 1619; x_wconf 89' lang='lat' dir='ltr'><strong>ut</strong></span> <span class='ocrx_word' id='word_1_90' title='bbox 462 1545 537 1620; x_wconf 75' lang='lat' dir='ltr'><strong>mei</strong></span> <span class='ocrx_word' id='word_1_91' title='bbox 563 1546 663 1617; x_wconf 84' lang='lat' dir='ltr'><strong>causi</strong></span> <span class='ocrx_word' id='word_1_92' title='bbox 686 1545 768 1616; x_wconf 89' lang='lat' dir='ltr'><strong>mihi</strong></span> <span class='ocrx_word' id='word_1_93' title='bbox 794 1557 983 1634; x_wconf 84' lang='lat' dir='ltr'><strong>pergratum</strong></span> <span class='ocrx_word' id='word_1_94' title='bbox 1011 1543 1096 1632; x_wconf 89' lang='lat' dir='ltr'><strong>est,</strong></span> <span class='ocrx_word' id='word_1_95' title='bbox 1127 1544 1171 1616; x_wconf 83' lang='lat' dir='ltr'><strong>ita</strong></span> <span class='ocrx_word' id='word_1_96' title='bbox 1191 1547 1301 1623; x_wconf 72' lang='lat' dir='ltr'><strong>vestri</strong></span> <span class='ocrx_word' id='word_1_97' title='bbox 1327 1566 1453 1627; x_wconf 82' lang='lat' dir='ltr'><strong>contra.</strong></span> 
     </span>
     <span class='ocr_line' id='line_1_12' title="bbox 244 1635 1524 1736; baseline 0.001 -14"><span class='ocrx_word' id='word_1_98' title='bbox 244 1647 357 1722; x_wconf 85' lang='lat' dir='ltr'><strong>Velim</strong></span> <span class='ocrx_word' id='word_1_99' title='bbox 374 1642 471 1716; x_wconf 87' lang='lat' dir='ltr'><strong>semei</strong></span> <span class='ocrx_word' id='word_1_100' title='bbox 487 1665 549 1716; x_wconf 91' lang='lat' dir='ltr'><strong>vos</strong></span> <span class='ocrx_word' id='word_1_101' title='bbox 566 1641 633 1713; x_wconf 84' lang='lat' dir='ltr'><strong>istis</strong></span> <span class='ocrx_word' id='word_1_102' title='bbox 653 1635 881 1714; x_wconf 82' lang='lat' dir='ltr'><strong>notestiffinis</strong></span> <span class='ocrx_word' id='word_1_103' title='bbox 899 1639 1047 1734; x_wconf 85' lang='lat' dir='ltr'><strong>negociis</strong></span> <span class='ocrx_word' id='word_1_104' title='bbox 1069 1639 1224 1716; x_wconf 72' lang='lat' dir='ltr'><strong>liberatos</strong></span> <span class='ocrx_word' id='word_1_105' title='bbox 1243 1665 1257 1734; x_wconf 81' lang='lat'>3</span> <span class='ocrx_word' id='word_1_106' title='bbox 1276 1647 1393 1722; x_wconf 86' lang='lat' dir='ltr'><strong>iinon</strong></span> <span class='ocrx_word' id='word_1_107' title='bbox 1419 1650 1457 1722; x_wconf 88' lang='lat' dir='ltr'><strong>in</strong></span> <span class='ocrx_word' id='word_1_108' title='bbox 1521 1729 1524 1736; x_wconf 58' lang='grc'>,</span> 
     </span>
     <span class='ocr_line' id='line_1_13' title="bbox 233 1745 677 1832; baseline -0.023 -14"><span class='ocrx_word' id='word_1_109' title='bbox 233 1757 383 1829; x_wconf 66' lang='lat' dir='ltr'><strong>uotum,</strong></span> <span class='ocrx_word' id='word_1_110' title='bbox 406 1745 495 1814; x_wconf 78' lang='lat' dir='ltr'><strong>certe</strong></span> <span class='ocrx_word' id='word_1_111' title='bbox 512 1761 555 1812; x_wconf 84' lang='lat' dir='ltr'><strong>ex</strong></span> <span class='ocrx_word' id='word_1_112' title='bbox 570 1755 677 1832; x_wconf 82' lang='lat' dir='ltr'><strong>parte.</strong></span> 
     </span>
    </p>

    <p class='ocr_par' dir='ltr' id='par_1_5' title="bbox 245 1829 1461 2126">
     <span class='ocr_line' id='line_1_14' title="bbox 293 1829 1458 1932; baseline 0 -22"><span class='ocrx_word' id='word_1_113' title='bbox 293 1839 420 1932; x_wconf 80' lang='lat' dir='ltr'><strong>Accepi</strong></span> <span class='ocrx_word' id='word_1_114' title='bbox 435 1839 542 1908; x_wconf 86' lang='lat' dir='ltr'><strong>iiteras</strong></span> <span class='ocrx_word' id='word_1_115' title='bbox 560 1831 702 1906; x_wconf 89' lang='lat' dir='ltr'><strong>Domini</strong></span> <span class='ocrx_word' id='word_1_116' title='bbox 720 1829 889 1923; x_wconf 77' lang='lat' dir='ltr'><strong>Praepositi</strong></span> <span class='ocrx_word' id='word_1_117' title='bbox 916 1832 1060 1903; x_wconf 84' lang='lat' dir='ltr'><strong>Ariensrs</strong></span> <span class='ocrx_word' id='word_1_118' title='bbox 1088 1835 1303 1922; x_wconf 85' lang='lat' dir='ltr'><strong>Morilionii,</strong></span> <span class='ocrx_word' id='word_1_119' title='bbox 1332 1837 1458 1928; x_wconf 70' lang='lat' dir='ltr'><strong>quous</strong></span> 
     </span>
     <span class='ocr_line' id='line_1_15' title="bbox 245 1923 1459 2019; baseline -0.003 -11"><span class='ocrx_word' id='word_1_120' title='bbox 245 1931 385 2010; x_wconf 88' lang='lat' dir='ltr'><strong>Domini</strong></span> <span class='ocrx_word' id='word_1_121' title='bbox 404 1935 436 2005; x_wconf 83' lang='lat' dir='ltr'>T</span> <span class='ocrx_word' id='word_1_122' title='bbox 438 1931 544 2005; x_wconf 84' lang='lat' dir='ltr'><strong>orezii</strong></span> <span class='ocrx_word' id='word_1_123' title='bbox 575 1927 704 2001; x_wconf 87' lang='lat' dir='ltr'><strong>causam</strong></span> <span class='ocrx_word' id='word_1_124' title='bbox 728 1923 954 1997; x_wconf 84' lang='lat' dir='ltr'><strong>commendat.</strong></span> <span class='ocrx_word' id='word_1_125' title='bbox 994 1926 1078 2018; x_wconf 75' lang='lat' dir='ltr'><strong>Qua</strong></span> <span class='ocrx_word' id='word_1_126' title='bbox 1098 1928 1135 1998; x_wconf 80' lang='lat' dir='ltr'><strong>dc</strong></span> <span class='ocrx_word' id='word_1_127' title='bbox 1162 1927 1219 1998; x_wconf 85' lang='lat' dir='ltr'><strong>sua</strong></span> <span class='ocrx_word' id='word_1_128' title='bbox 1242 1929 1395 2019; x_wconf 89' lang='lat' dir='ltr'><strong>sponte,</strong></span> <span class='ocrx_word' id='word_1_129' title='bbox 1419 1929 1459 2004; x_wconf 78' lang='lat' dir='ltr'><strong>dt</strong></span> 
     </span>
     <span class='ocr_line' id='line_1_16' title="bbox 246 2019 1461 2126; baseline -0.006 -23"><span class='ocrx_word' id='word_1_130' title='bbox 246 2030 346 2126; x_wconf 87' lang='lat' dir='ltr'><strong>ipsrus</strong></span> <span class='ocrx_word' id='word_1_131' title='bbox 365 2027 505 2100; x_wconf 89' lang='lat' dir='ltr'><strong>Domini</strong></span> <span class='ocrx_word' id='word_1_132' title='bbox 520 2023 690 2116; x_wconf 84' lang='lat' dir='ltr'><strong>Praepoiiti</strong></span> <span class='ocrx_word' id='word_1_133' title='bbox 709 2020 841 2112; x_wconf 66' lang='lat' dir='ltr'><strong>gratis,</strong></span> <span class='ocrx_word' id='word_1_134' title='bbox 862 2019 945 2090; x_wconf 91' lang='lat' dir='ltr'><strong>mihi</strong></span> <span class='ocrx_word' id='word_1_135' title='bbox 964 2019 1013 2090; x_wconf 88' lang='lat' dir='ltr'><strong>est</strong></span> <span class='ocrx_word' id='word_1_136' title='bbox 1030 2021 1355 2098; x_wconf 73' lang='lat' dir='ltr'><strong>commendatissima.</strong></span> <span class='ocrx_word' id='word_1_137' title='bbox 1378 2024 1461 2096; x_wconf 80' lang='lat' dir='ltr'><strong>Neu</strong></span> 
     </span>
    </p>
   </div>
   <div class='ocr_carea' id='block_1_3' title="bbox 235 2111 1653 2216">
    <p class='ocr_par' dir='ltr' id='par_1_6' title="bbox 235 2111 1653 2216">
     <span class='ocr_line' id='line_1_17' title="bbox 235 2111 1653 2216; baseline -0.008 -17"><span class='ocrx_word' id='word_1_138' title='bbox 235 2127 394 2198; x_wconf 83' lang='lat' dir='ltr'><strong>omittant</strong></span> <span class='ocrx_word' id='word_1_139' title='bbox 410 2137 538 2216; x_wconf 86' lang='lat' dir='ltr'><strong>partem</strong></span> <span class='ocrx_word' id='word_1_140' title='bbox 556 2120 656 2190; x_wconf 87' lang='lat' dir='ltr'><strong>uliam</strong></span> <span class='ocrx_word' id='word_1_141' title='bbox 676 2111 776 2185; x_wconf 85' lang='lat' dir='ltr'><strong>officii</strong></span> <span class='ocrx_word' id='word_1_142' title='bbox 790 2129 955 2204; x_wconf 89' lang='lat' dir='ltr'><strong>quantum</strong></span> <span class='ocrx_word' id='word_1_143' title='bbox 973 2115 1007 2183; x_wconf 91' lang='lat' dir='ltr'><strong>in</strong></span> <span class='ocrx_word' id='word_1_144' title='bbox 1019 2135 1074 2185; x_wconf 89' lang='lat' dir='ltr'><strong>me</strong></span> <span class='ocrx_word' id='word_1_145' title='bbox 1098 2117 1169 2187; x_wconf 87' lang='lat' dir='ltr'><strong>erit.</strong></span> <span class='ocrx_word' id='word_1_146' title='bbox 1210 2115 1359 2192; x_wconf 79' lang='lat' dir='ltr'><strong>Brevitas</strong></span> <span class='ocrx_word' id='word_1_147' title='bbox 1376 2130 1461 2192; x_wconf 86' lang='lat' dir='ltr'><strong>tem·</strong></span> <span class='ocrx_word' id='word_1_148' title='bbox 1589 2200 1593 2212; x_wconf 31' lang='lat'>¹</span> <span class='ocrx_word' id='word_1_149' title='bbox 1651 2155 1653 2164; x_wconf 74' lang='lat'>‹</span> 
     </span>
    </p>
   </div>
   <div class='ocr_carea' id='block_1_4' title="bbox 236 2207 1465 3834">
    <p class='ocr_par' dir='ltr' id='par_1_7' title="bbox 236 2207 1465 3358">
     <span class='ocr_line' id='line_1_18' title="bbox 240 2207 1461 2386; baseline 0.004 -5"><span class='ocrx_word' id='word_1_150' title='bbox 240 2207 1461 2386; x_wconf 46' lang='lat' dir='ltr'><strong>aestimassetis§immanissimam</strong></span> 
     </span>
     <span class='ocr_line' id='line_1_19' title="bbox 247 2396 1463 2495; baseline -0.003 -15"><span class='ocrx_word' id='word_1_151' title='bbox 247 2402 362 2480; x_wconf 83' lang='lat' dir='ltr'><strong>minus</strong></span> <span class='ocrx_word' id='word_1_152' title='bbox 382 2402 573 2488; x_wconf 85' lang='lat' dir='ltr'><strong>Tismcus,</strong></span> <span class='ocrx_word' id='word_1_153' title='bbox 595 2413 731 2492; x_wconf 87' lang='lat' dir='ltr'><strong>propter</strong></span> <span class='ocrx_word' id='word_1_154' title='bbox 749 2396 892 2470; x_wconf 85' lang='lat' dir='ltr'><strong>summas</strong></span> <span class='ocrx_word' id='word_1_155' title='bbox 914 2401 1221 2476; x_wconf 88' lang='lat' dir='ltr'><strong>commendationes</strong></span> <span class='ocrx_word' id='word_1_156' title='bbox 1240 2423 1320 2495; x_wconf 87' lang='lat' dir='ltr'><strong>quas</strong></span> <span class='ocrx_word' id='word_1_157' title='bbox 1341 2405 1377 2476; x_wconf 93' lang='lat' dir='ltr'><strong>in</strong></span> <span class='ocrx_word' id='word_1_158' title='bbox 1399 2423 1463 2478; x_wconf 91' lang='lat' dir='ltr'><strong>no-</strong></span> 
     </span>
     <span class='ocr_line' id='line_1_20' title="bbox 236 2493 1461 2603; baseline 0 -31"><span class='ocrx_word' id='word_1_159' title='bbox 236 2499 428 2572; x_wconf 76' lang='lat' dir='ltr'><strong>minatione</strong></span> <span class='ocrx_word' id='word_1_160' title='bbox 446 2497 597 2570; x_wconf 60' lang='lat' dir='ltr'><strong>habebat,</strong></span> <span class='ocrx_word' id='word_1_161' title='bbox 630 2493 700 2569; x_wconf 88' lang='lat' dir='ltr'><strong>Sed</strong></span> <span class='ocrx_word' id='word_1_162' title='bbox 717 2493 800 2603; x_wconf 80' lang='lat' dir='ltr'><strong>mihi</strong></span> <span class='ocrx_word' id='word_1_163' title='bbox 819 2547 832 2582; x_wconf 91' lang='lat'><strong>,</strong></span> <span class='ocrx_word' id='word_1_164' title='bbox 854 2509 1031 2588; x_wconf 87' lang='lat' dir='ltr'><strong>antequam</strong></span> <span class='ocrx_word' id='word_1_165' title='bbox 1054 2496 1134 2570; x_wconf 86' lang='lat' dir='ltr'><strong>inde</strong></span> <span class='ocrx_word' id='word_1_166' title='bbox 1159 2495 1461 2591; x_wconf 79' lang='lat' dir='ltr'><strong>discederem,iam</strong></span> 
     </span>
     <span class='ocr_line' id='line_1_21' title="bbox 245 2589 1463 2688; baseline 0.002 -20"><span class='ocrx_word' id='word_1_167' title='bbox 245 2607 323 2668; x_wconf 88' lang='lat' dir='ltr'><strong>turo</strong></span> <span class='ocrx_word' id='word_1_168' title='bbox 341 2610 489 2688; x_wconf 86' lang='lat' dir='ltr'><strong>coeperat</strong></span> <span class='ocrx_word' id='word_1_169' title='bbox 502 2592 616 2668; x_wconf 82' lang='lat' dir='ltr'><strong>nescio</strong></span> <span class='ocrx_word' id='word_1_170' title='bbox 632 2591 715 2684; x_wconf 92' lang='lat' dir='ltr'><strong>quid</strong></span> <span class='ocrx_word' id='word_1_171' title='bbox 728 2589 764 2662; x_wconf 93' lang='lat' dir='ltr'><strong>in</strong></span> <span class='ocrx_word' id='word_1_172' title='bbox 780 2589 867 2662; x_wconf 90' lang='lat' dir='ltr'><strong>tilius</strong></span> <span class='ocrx_word' id='word_1_173' title='bbox 882 2590 1028 2664; x_wconf 87' lang='lat' dir='ltr'><strong>moribus</strong></span> <span class='ocrx_word' id='word_1_174' title='bbox 1037 2592 1220 2685; x_wconf 88' lang='lat' dir='ltr'><strong>displicere.</strong></span> <span class='ocrx_word' id='word_1_175' title='bbox 1234 2593 1463 2672; x_wconf 85' lang='lat' dir='ltr'><strong>Illustrissimus</strong></span> 
     </span>
     <span class='ocr_line' id='line_1_22' title="bbox 246 2685 1462 2778; baseline -0.001 -13"><span class='ocrx_word' id='word_1_176' title='bbox 246 2689 419 2765; x_wconf 85' lang='lat' dir='ltr'><strong>Dominus</strong></span> <span class='ocrx_word' id='word_1_177' title='bbox 433 2689 615 2761; x_wconf 84' lang='lat' dir='ltr'><strong>Cardinaiis</strong></span> <span class='ocrx_word' id='word_1_178' title='bbox 634 2686 783 2778; x_wconf 78' lang='lat' dir='ltr'><strong>scripsit,</strong></span> <span class='ocrx_word' id='word_1_179' title='bbox 808 2701 923 2778; x_wconf 86' lang='lat' dir='ltr'><strong>optare</strong></span> <span class='ocrx_word' id='word_1_180' title='bbox 941 2685 1005 2774; x_wconf 89' lang='lat' dir='ltr'><strong>se,</strong></span> <span class='ocrx_word' id='word_1_181' title='bbox 1027 2701 1067 2758; x_wconf 94' lang='lat' dir='ltr'><strong>ut</strong></span> <span class='ocrx_word' id='word_1_182' title='bbox 1079 2690 1134 2760; x_wconf 89' lang='lat' dir='ltr'><strong>vel</strong></span> <span class='ocrx_word' id='word_1_183' title='bbox 1152 2711 1260 2764; x_wconf 84' lang='lat' dir='ltr'><strong>unum</strong></span> <span class='ocrx_word' id='word_1_184' title='bbox 1277 2689 1369 2762; x_wconf 89' lang='lat' dir='ltr'><strong>diem</strong></span> <span class='ocrx_word' id='word_1_185' title='bbox 1384 2709 1462 2764; x_wconf 88' lang='lat' dir='ltr'><strong>cum</strong></span> 
     </span>
     <span class='ocr_line' id='line_1_23' title="bbox 247 2780 1461 2880; baseline 0.003 -22"><span class='ocrx_word' id='word_1_186' title='bbox 247 2784 361 2876; x_wconf 84' lang='lat' dir='ltr'><strong>Regia</strong></span> <span class='ocrx_word' id='word_1_187' title='bbox 375 2783 548 2880; x_wconf 75' lang='lat' dir='ltr'><strong>Maiestate</strong></span> <span class='ocrx_word' id='word_1_188' title='bbox 566 2837 579 2871; x_wconf 92' lang='lat'><strong>,</strong></span> <span class='ocrx_word' id='word_1_189' title='bbox 599 2781 763 2875; x_wconf 76' lang='lat' dir='ltr'><strong>prasente</strong></span> <span class='ocrx_word' id='word_1_190' title='bbox 782 2781 923 2874; x_wconf 87' lang='lat' dir='ltr'><strong>Amplit.</strong></span> <span class='ocrx_word' id='word_1_191' title='bbox 940 2780 1049 2857; x_wconf 75' lang='lat' dir='ltr'><strong>vestri</strong></span> <span class='ocrx_word' id='word_1_192' title='bbox 1072 2782 1109 2854; x_wconf 78' lang='lat' dir='ltr'><strong>u</strong></span> <span class='ocrx_word' id='word_1_193' title='bbox 1134 2807 1188 2858; x_wconf 90' lang='lat' dir='ltr'><strong>me</strong></span> <span class='ocrx_word' id='word_1_194' title='bbox 1211 2837 1224 2874; x_wconf 96' lang='lat'><strong>,</strong></span> <span class='ocrx_word' id='word_1_195' title='bbox 1254 2787 1318 2858; x_wconf 79' lang='lat' dir='ltr'><strong>effe</strong></span> <span class='ocrx_word' id='word_1_196' title='bbox 1341 2787 1461 2878; x_wconf 84' lang='lat' dir='ltr'><strong>posset.</strong></span> 
     </span>
     <span class='ocr_line' id='line_1_24' title="bbox 249 2876 1463 2972; baseline 0.002 -21"><span class='ocrx_word' id='word_1_197' title='bbox 249 2877 333 2972; x_wconf 82' lang='lat' dir='ltr'><strong>Ego</strong></span> <span class='ocrx_word' id='word_1_198' title='bbox 351 2932 365 2969; x_wconf 94' lang='lat'><strong>,</strong></span> <span class='ocrx_word' id='word_1_199' title='bbox 386 2881 513 2956; x_wconf 83' lang='lat' dir='ltr'><strong>tiuotis</strong></span> <span class='ocrx_word' id='word_1_200' title='bbox 531 2879 727 2952; x_wconf 89' lang='lat' dir='ltr'><strong>certandum</strong></span> <span class='ocrx_word' id='word_1_201' title='bbox 749 2876 819 2965; x_wconf 83' lang='lat' dir='ltr'><strong>stt,</strong></span> <span class='ocrx_word' id='word_1_202' title='bbox 840 2877 897 2968; x_wconf 74' lang='lat' dir='ltr'><strong>vel</strong></span> <span class='ocrx_word' id='word_1_203' title='bbox 918 2889 1027 2949; x_wconf 88' lang='lat' dir='ltr'><strong>totum</strong></span> <span class='ocrx_word' id='word_1_204' title='bbox 1051 2877 1159 2970; x_wconf 92' lang='lat' dir='ltr'><strong>ipsum</strong></span> <span class='ocrx_word' id='word_1_205' title='bbox 1179 2879 1222 2952; x_wconf 91' lang='lat' dir='ltr'><strong>ad</strong></span> <span class='ocrx_word' id='word_1_206' title='bbox 1251 2901 1313 2954; x_wconf 91' lang='lat' dir='ltr'><strong>nos</strong></span> <span class='ocrx_word' id='word_1_207' title='bbox 1335 2882 1463 2957; x_wconf 72' lang='lat' dir='ltr'><strong>rediisse</strong></span> 
     </span>
     <span class='ocr_line' id='line_1_25' title="bbox 244 2971 1465 3069; baseline 0.001 -20"><span class='ocrx_word' id='word_1_208' title='bbox 244 2975 363 3049; x_wconf 85' lang='lat' dir='ltr'><strong>veiim.</strong></span> <span class='ocrx_word' id='word_1_209' title='bbox 418 2977 466 3050; x_wconf 86' lang='lat' dir='ltr'><strong>Et</strong></span> <span class='ocrx_word' id='word_1_210' title='bbox 488 2975 562 3050; x_wconf 79' lang='lat' dir='ltr'><strong>sane</strong></span> <span class='ocrx_word' id='word_1_211' title='bbox 581 2976 723 3068; x_wconf 88' lang='lat' dir='ltr'><strong>putarim</strong></span> <span class='ocrx_word' id='word_1_212' title='bbox 744 2991 824 3044; x_wconf 85' lang='lat' dir='ltr'><strong>eum</strong></span> <span class='ocrx_word' id='word_1_213' title='bbox 846 2993 918 3045; x_wconf 88' lang='lat' dir='ltr'><strong>non</strong></span> <span class='ocrx_word' id='word_1_214' title='bbox 940 2971 1046 3046; x_wconf 86' lang='lat' dir='ltr'><strong>modd</strong></span> <span class='ocrx_word' id='word_1_215' title='bbox 1069 2976 1205 3049; x_wconf 84' lang='lat' dir='ltr'><strong>consriio</strong></span> <span class='ocrx_word' id='word_1_216' title='bbox 1227 2975 1362 3050; x_wconf 80' lang='lat' dir='ltr'><strong>mirifice</strong></span> <span class='ocrx_word' id='word_1_217' title='bbox 1386 2996 1465 3069; x_wconf 88' lang='lat' dir='ltr'><strong>pro·</strong></span> 
     </span>
     <span class='ocr_line' id='line_1_26' title="bbox 241 3065 1464 3161; baseline 0.001 -17"><span class='ocrx_word' id='word_1_218' title='bbox 241 3069 337 3145; x_wconf 77' lang='lat' dir='ltr'><strong>desse</strong></span> <span class='ocrx_word' id='word_1_219' title='bbox 358 3123 372 3161; x_wconf 93' lang='lat'><strong>,</strong></span> <span class='ocrx_word' id='word_1_220' title='bbox 395 3070 453 3144; x_wconf 91' lang='lat' dir='ltr'><strong>sed</strong></span> <span class='ocrx_word' id='word_1_221' title='bbox 477 3070 730 3144; x_wconf 67' lang='lat' dir='ltr'><strong>&amp;auctoritate</strong></span> <span class='ocrx_word' id='word_1_222' title='bbox 757 3065 818 3142; x_wconf 77' lang='lat' dir='ltr'><strong>sua</strong></span> <span class='ocrx_word' id='word_1_223' title='bbox 839 3067 943 3142; x_wconf 88' lang='lat' dir='ltr'><strong>multa</strong></span> <span class='ocrx_word' id='word_1_224' title='bbox 964 3067 1117 3142; x_wconf 82' lang='lat' dir='ltr'><strong>calidiora</strong></span> <span class='ocrx_word' id='word_1_225' title='bbox 1144 3071 1182 3144; x_wconf 82' lang='lat' dir='ltr'><strong>dc</strong></span> <span class='ocrx_word' id='word_1_226' title='bbox 1206 3071 1340 3145; x_wconf 85' lang='lat' dir='ltr'><strong>duriora</strong></span> <span class='ocrx_word' id='word_1_227' title='bbox 1355 3073 1464 3146; x_wconf 85' lang='lat' dir='ltr'><strong>conii·</strong></span> 
     </span>
     <span class='ocr_line' id='line_1_27' title="bbox 250 3162 1465 3265; baseline 0.003 -27"><span class='ocrx_word' id='word_1_228' title='bbox 250 3165 294 3238; x_wconf 83' lang='lat' dir='ltr'><strong>lia</strong></span> <span class='ocrx_word' id='word_1_229' title='bbox 312 3167 460 3262; x_wconf 76' lang='lat' dir='ltr'><strong>mitigare</strong></span> <span class='ocrx_word' id='word_1_230' title='bbox 487 3187 526 3238; x_wconf 90' lang='lat' dir='ltr'><strong>ac</strong></span> <span class='ocrx_word' id='word_1_231' title='bbox 550 3165 715 3238; x_wconf 86' lang='lat' dir='ltr'><strong>moderari</strong></span> <span class='ocrx_word' id='word_1_232' title='bbox 736 3163 841 3256; x_wconf 78' lang='lat' dir='ltr'><strong>posse.</strong></span> <span class='ocrx_word' id='word_1_233' title='bbox 886 3162 965 3237; x_wconf 90' lang='lat' dir='ltr'><strong>Nec</strong></span> <span class='ocrx_word' id='word_1_234' title='bbox 983 3163 1218 3241; x_wconf 71' lang='lat' dir='ltr'><strong>santonicam</strong></span> <span class='ocrx_word' id='word_1_235' title='bbox 1236 3167 1318 3262; x_wconf 89' lang='lat' dir='ltr'><strong>quin</strong></span> <span class='ocrx_word' id='word_1_236' title='bbox 1333 3167 1465 3265; x_wconf 73' lang='lat' dir='ltr'><strong>deeius</strong></span> 
     </span>
     <span class='ocr_line' id='line_1_28' title="bbox 250 3261 837 3358; baseline -0.007 -22"><span class='ocrx_word' id='word_1_237' title='bbox 250 3263 360 3336; x_wconf 81' lang='lat' dir='ltr'><strong>reditu</strong></span> <span class='ocrx_word' id='word_1_238' title='bbox 378 3262 535 3358; x_wconf 80' lang='lat' dir='ltr'><strong>paulatim</strong></span> <span class='ocrx_word' id='word_1_239' title='bbox 553 3281 651 3357; x_wconf 83' lang='lat' dir='ltr'><strong>agere</strong></span> <span class='ocrx_word' id='word_1_240' title='bbox 668 3261 837 3354; x_wconf 88' lang='lat' dir='ltr'><strong>incipiam.</strong></span> 
     </span>
    </p>

    <p class='ocr_par' dir='ltr' id='par_1_8' title="bbox 246 3353 1465 3834">
     <span class='ocr_line' id='line_1_29' title="bbox 301 3353 1463 3450; baseline 0.002 -20"><span class='ocrx_word' id='word_1_241' title='bbox 301 3356 415 3448; x_wconf 84' lang='lat' dir='ltr'><strong>Cura,</strong></span> <span class='ocrx_word' id='word_1_242' title='bbox 436 3357 643 3433; x_wconf 73' lang='lat' dir='ltr'><strong>Reverendo</strong></span> <span class='ocrx_word' id='word_1_243' title='bbox 666 3356 810 3442; x_wconf 73' lang='lat' dir='ltr'><strong>masur,</strong></span> <span class='ocrx_word' id='word_1_244' title='bbox 833 3375 872 3427; x_wconf 89' lang='lat' dir='ltr'><strong>ac</strong></span> <span class='ocrx_word' id='word_1_245' title='bbox 890 3353 1056 3447; x_wconf 87' lang='lat' dir='ltr'><strong>Patrone,</strong></span> <span class='ocrx_word' id='word_1_246' title='bbox 1078 3373 1118 3432; x_wconf 93' lang='lat' dir='ltr'><strong>ut</strong></span> <span class='ocrx_word' id='word_1_247' title='bbox 1137 3359 1265 3450; x_wconf 85' lang='lat' dir='ltr'><strong>valeas,</strong></span> <span class='ocrx_word' id='word_1_248' title='bbox 1288 3359 1326 3434; x_wconf 79' lang='lat' dir='ltr'><strong>dc</strong></span> <span class='ocrx_word' id='word_1_249' title='bbox 1348 3371 1463 3432; x_wconf 85' lang='lat' dir='ltr'><strong>meut</strong></span> 
     </span>
     <span class='ocr_line' id='line_1_30' title="bbox 250 3449 1464 3548; baseline 0.002 -24"><span class='ocrx_word' id='word_1_250' title='bbox 250 3449 336 3524; x_wconf 74' lang='lat' dir='ltr'><strong>sacis</strong></span> <span class='ocrx_word' id='word_1_251' title='bbox 353 3473 436 3525; x_wconf 86' lang='lat' dir='ltr'><strong>ama.</strong></span> <span class='ocrx_word' id='word_1_252' title='bbox 483 3454 583 3526; x_wconf 81' lang='lat' dir='ltr'><strong>Stinae</strong></span> <span class='ocrx_word' id='word_1_253' title='bbox 599 3451 756 3548; x_wconf 82' lang='lat' dir='ltr'><strong>proximis</strong></span> <span class='ocrx_word' id='word_1_254' title='bbox 766 3452 867 3528; x_wconf 89' lang='lat' dir='ltr'><strong>literis</strong></span> <span class='ocrx_word' id='word_1_255' title='bbox 879 3449 1049 3527; x_wconf 83' lang='lat' dir='ltr'><strong>donariola</strong></span> <span class='ocrx_word' id='word_1_256' title='bbox 1064 3451 1152 3528; x_wconf 86' lang='lat' dir='ltr'><strong>sacra</strong></span> <span class='ocrx_word' id='word_1_257' title='bbox 1165 3457 1303 3529; x_wconf 88' lang='lat' dir='ltr'><strong>mittam.</strong></span> <span class='ocrx_word' id='word_1_258' title='bbox 1344 3454 1464 3542; x_wconf 86' lang='lat' dir='ltr'><strong>Bauio,</strong></span> 
     </span>
     <span class='ocr_line' id='line_1_31' title="bbox 246 3547 1464 3644; baseline 0.002 -27"><span class='ocrx_word' id='word_1_259' title='bbox 246 3547 388 3638; x_wconf 79' lang='lat' dir='ltr'><strong>¹optimo</strong></span> <span class='ocrx_word' id='word_1_260' title='bbox 404 3549 441 3619; x_wconf 84' lang='lat' dir='ltr'><strong>dc</strong></span> <span class='ocrx_word' id='word_1_261' title='bbox 459 3547 648 3621; x_wconf 77' lang='lat' dir='ltr'><strong>amicissimo</strong></span> <span class='ocrx_word' id='word_1_262' title='bbox 671 3549 817 3636; x_wconf 90' lang='lat' dir='ltr'><strong>homini,</strong></span> <span class='ocrx_word' id='word_1_263' title='bbox 834 3549 970 3620; x_wconf 89' lang='lat' dir='ltr'><strong>multam</strong></span> <span class='ocrx_word' id='word_1_264' title='bbox 993 3565 1079 3644; x_wconf 92' lang='lat' dir='ltr'><strong>opto</strong></span> <span class='ocrx_word' id='word_1_265' title='bbox 1099 3550 1251 3624; x_wconf 85' lang='lat' dir='ltr'><strong>salutern.</strong></span> <span class='ocrx_word' id='word_1_266' title='bbox 1299 3549 1358 3620; x_wconf 87' lang='lat' dir='ltr'><strong>Ad</strong></span> <span class='ocrx_word' id='word_1_267' title='bbox 1374 3551 1464 3620; x_wconf 86' lang='lat' dir='ltr'><strong>Lan-</strong></span> 
     </span>
     <span class='ocr_line' id='line_1_32' title="bbox 252 3641 1464 3738; baseline -0.002 -24"><span class='ocrx_word' id='word_1_268' title='bbox 252 3643 349 3736; x_wconf 83' lang='lat' dir='ltr'><strong>gium</strong></span> <span class='ocrx_word' id='word_1_269' title='bbox 376 3657 433 3715; x_wconf 88' lang='lat' dir='ltr'><strong>tua</strong></span> <span class='ocrx_word' id='word_1_270' title='bbox 458 3647 560 3717; x_wconf 85' lang='lat' dir='ltr'><strong>verba</strong></span> <span class='ocrx_word' id='word_1_271' title='bbox 587 3646 630 3718; x_wconf 91' lang='lat' dir='ltr'><strong>de</strong></span> <span class='ocrx_word' id='word_1_272' title='bbox 659 3643 826 3738; x_wconf 83' lang='lat' dir='ltr'><strong>Gregorio</strong></span> <span class='ocrx_word' id='word_1_273' title='bbox 851 3661 929 3713; x_wconf 90' lang='lat' dir='ltr'><strong>meo</strong></span> <span class='ocrx_word' id='word_1_274' title='bbox 957 3641 1075 3715; x_wconf 70' lang='lat' dir='ltr'><strong>senno.</strong></span> <span class='ocrx_word' id='word_1_275' title='bbox 1121 3645 1258 3736; x_wconf 86' lang='lat' dir='ltr'><strong>Raptim</strong></span> <span class='ocrx_word' id='word_1_276' title='bbox 1277 3642 1412 3713; x_wconf 88' lang='lat' dir='ltr'><strong>Madriti</strong></span> <span class='ocrx_word' id='word_1_277' title='bbox 1429 3659 1464 3732; x_wconf 90' lang='lat'><strong>7.</strong></span> 
     </span>
     <span class='ocr_line' id='line_1_33' title="bbox 253 3731 1465 3834; baseline -0.005 -22"><span class='ocrx_word' id='word_1_278' title='bbox 253 3737 412 3814; x_wconf 69' lang='lat' dir='ltr'><strong>octobris</strong></span> <span class='ocrx_word' id='word_1_279' title='bbox 434 3741 537 3834; x_wconf 84' lang='lat'>1567.</span> <span class='ocrx_word' id='word_1_280' title='bbox 561 3741 772 3816; x_wconf 84' lang='lat' dir='ltr'><strong>Reverendae</strong></span> <span class='ocrx_word' id='word_1_281' title='bbox 782 3735 1025 3830; x_wconf 86' lang='lat' dir='ltr'><strong>Amplitudinis</strong></span> <span class='ocrx_word' id='word_1_282' title='bbox 1039 3735 1158 3812; x_wconf 79' lang='lat' dir='ltr'><strong>uestrae</strong></span> <span class='ocrx_word' id='word_1_283' title='bbox 1170 3734 1385 3834; x_wconf 71' lang='lat' dir='ltr'><strong>pandimus</strong></span> <span class='ocrx_word' id='word_1_284' title='bbox 1401 3731 1465 3806; x_wconf 86' lang='lat' dir='ltr'><strong>ser·</strong></span> 
     </span>
    </p>
   </div>
   <div class='ocr_carea' id='block_1_5' title="bbox 250 3833 802 3934">
    <p class='ocr_par' dir='ltr' id='par_1_9' title="bbox 250 3833 802 3934">
     <span class='ocr_line' id='line_1_34' title="bbox 250 3833 802 3934; baseline -0.009 -24"><span class='ocrx_word' id='word_1_285' title='bbox 250 3833 341 3910; x_wconf 78' lang='lat' dir='ltr'><strong>vitm</strong></span> <span class='ocrx_word' id='word_1_286' title='bbox 355 3836 570 3934; x_wconf 82' lang='lat' dir='ltr'><strong>Joacuutus</strong></span> <span class='ocrx_word' id='word_1_287' title='bbox 593 3835 802 3914; x_wconf 75' lang='lat' dir='ltr'><strong>Horremus.</strong></span> 
     </span>
    </p>
   </div>
   <div class='ocr_carea' id='block_1_6' title="bbox 738 4191 983 4386">
    <p class='ocr_par' dir='ltr' id='par_1_10' title="bbox 738 4191 983 4386">
     <span class='ocr_line' id='line_1_35' title="bbox 738 4191 983 4386; baseline -0.008 1"><span class='ocrx_word' id='word_1_288' title='bbox 738 4191 983 4386; x_wconf 45' lang='lat' dir='ltr'><strong>wi</strong></span> 
     </span>
    </p>
   </div>
   <div class='ocr_carea' id='block_1_7' title="bbox 1002 4499 1027 4576">
    <p class='ocr_par' dir='ltr' id='par_1_11' title="bbox 1002 4499 1027 4576">
     <span class='ocr_line' id='line_1_36' title="bbox 1002 4499 1027 4576; baseline 0 0"><span class='ocrx_word' id='word_1_289' title='bbox 1002 4499 1027 4576; x_wconf 85' lang='lat' dir='ltr'>S</span> 
     </span>
    </p>
   </div>
   <div class='ocr_carea' id='block_1_8' title="bbox 0 0 1899 5142">
    <p class='ocr_par' dir='ltr' id='par_1_12' title="bbox 0 0 1899 5142">
     <span class='ocr_line' id='line_1_37' title="bbox 0 0 1899 5142; baseline 0 0"><span class='ocrx_word' id='word_1_290' title='bbox 0 0 1899 5142; x_wconf 95' lang='lat' dir='ltr'><strong> </strong></span> 
     </span>
    </p>
   </div>
  </div>
 </body>
</html>
