3746 5142
264 503 349 604 AD
369 503 605 600 VIGLHJM
623 531 680 593 AB
698 505 906 594 AYTTA
927 497 1284 610 ZUiCHEMUM,
1317 537 1392 600 101

184 667 358 763 usquo
380 667 456 742 sunt
477 647 702 752 ma'finilia,
727 662 852 758 quibus
874 660 907 736 se
932 661 969 734 dt
996 662 1159 736 rationem
1186 667 1399 764 agnoscere,

185 767 220 840 dc
239 767 337 858 quod
349 767 481 838 bonum
500 763 537 836 dc
551 761 782 854 aequumest,
804 779 955 852 quaerere
973 810 985 846 ,
1001 759 1122 850 apertis
1147 762 1258 835 verbis
1285 766 1397 839 osten*-

181 863 317 938 debant.
363 861 443 933 Nec
458 858 616 954 refugere
636 857 749 949 ,quin
765 857 801 928 in
816 853 966 926 medium
995 853 1228 946 deliberetur,
1254 881 1327 952 quo
1354 861 1401 935 ad

182 961 292 1031 otium
316 953 583 1029 &concordiam
608 954 745 1026 tandem
762 949 868 1043 poffit
878 949 1045 1042 perveniri
1062 973 1075 1040 3
1096 953 1257 1028 addentes
1276 979 1398 1052 porro,

182 1076 221 1127 re
240 1057 328 1127 bene
347 1054 465 1144 agitata
490 1103 503 1140 ,
522 1051 675 1122 invenire
692 1048 726 1120 se
745 1047 874 1140 ,super
890 1047 1029 1120 articulo
1049 1049 1272 1141 Inquifitionis
1296 1057 1399 1146 plene

183 1169 252 1242 per·
270 1151 327 1221 Re
353 1167 407 1218 em
429 1146 493 1219 effe
512 1143 709 1218 satisnomn
728 1162 738 1212 ι
758 1165 821 1216 nec
839 1141 928 1213 aliud
942 1142 1087 1231 restare,
1104 1151 1176 1238 'quo
1195 1149 1306 1220 minus
1324 1152 1399 1224 Do-

185 1245 315 1316 minio
352 1243 439 1314 cium
473 1239 627 1329 saciant,
652 1245 753 1333 quim
771 1253 810 1312 ut
837 1238 1024 1311 moderatio
1046 1239 1248 1315 Placitorum
1273 1248 1400 1320 acceto

184 1357 290 1413 retur.
337 1338 444 1434 Super
460 1359 531 1432 quo
549 1335 812 1430 recipiebant,se
830 1335 873 1407 ad
882 1335 1053 1410 Dominus
1065 1335 1245 1431 scriptume
1262 1392 1275 1430 ‚
1291 1344 1399 1418 uthis

183 1437 288 1508 rebus
312 1433 367 1522 se,
384 1435 704 1533 (quemadmodum
722 1431 784 1525 ipfi
802 1435 824 1524 )
844 1431 1097 1505 accommodate
1115 1435 1223 1508 velint
1241 1489 1253 1526 ,
1279 1435 1316 1509 oc
1334 1456 1398 1532 pro

182 1533 278 1701 grisiis
297 1530 513 1701 diisspalvendis
531 1551 668 1606 omnem
681 1527 836 1602 debitam
847 1549 997 1622 operam*
1011 1529 1106 1626 Regi
1119 1533 1156 1606 dc
1172 1529 1237 1605 suae
1257 1531 1397 1612 corito
1484 1551 1488 1560 ’

218 1650 252 1701 nr
295 1644 339 1701 rae
388 1649 434 1703 re.

228 1649 315 1821 Qdae
335 1725 470 1818 quidem
495 1727 603 1799 oratio
620 1779 633 1815 ,
651 1743 729 1798 cum
751 1721 976 1796 aiiisbonesta
998 1725 1199 1815 videretur,
1221 1731 1398 1825 omnisque

182 1823 343 1915 aequioris
362 1823 399 1895 dt
420 1822 631 1895 humanitatis
650 1823 771 1911 piena,
790 1818 827 1888 dt
842 1818 903 1909 ipsr
919 1821 1009 1892 aliud
1024 1823 1159 1912 insuper
1172 1825 1397 1901 addiderunt:

167 1917 312 2010 'placere
329 1917 479 2004 scilicet,
498 1933 536 1990 ut
554 1969 567 2004 ,
587 1918 630 1988 ad
646 1912 883 1988 moderationis
908 1914 1082 2006 negotium
1113 1920 1399 2011 accelerandum,

181 2011 352 2087 Dominus
379 2014 574 2100 Tisnacus,
601 2011 639 2084 du
663 2032 763 2106 ego,
783 2029 871 2080 cum
884 2009 969 2100 ipsn-
985 2010 1306 2101 communicemus,
1333 2037 1399 2088 nec

181 2129 251 2182 uon
277 2111 376 2202 super
397 2109 509 2180 forma
533 2107 761 2180 Comitiorum
779 2103 822 2176 ab
840 2104 996 2176 omnibus
1013 2105 1180 2197 cogitetur
1201 2158 1215 2196 ,
1237 2109 1397 2199 quidnam

180 2206 355 2296 praecipue
377 2203 474 2274 statui
499 2201 597 2290 poffit
625 2223 635 2296 ς
663 2214 738 2287 ut,
767 2198 827 2269 ubi
855 2195 1050 2290 responsum
1079 2199 1236 2275 Dominae
1263 2206 1398 2281 allatum

179 2297 320 2384 fuerit,
343 2296 455 2366 omnia
478 2294 534 2366 hic
558 2289 627 2366 iint'
646 2310 789 2386 pamta,
813 2291 850 2364 di
872 2303 984 2386 quim·
998 2292 1288 2391 primum=aliquid
1317 2306 1410 2378 cem

179 2391 281 2465 statui
298 2388 424 2483 pouit,
439 2388 475 2462 dc
492 2389 622 2461 interim
644 2389 786 2462 Domini
805 2405 871 2461 tam
895 2390 951 2464 hic
969 2411 1070 2482 quam
1091 2391 1191 2483 istic,
1219 2415 1322 2470 omne
1347 2401 1410 2474 of·-

179 2485 309 2656 demi
324 2486 475 2578 faciant,
500 2485 789 2578 quemadmodum
816 2488 925 2561 bonos
955 2487 1093 2563 vasallos
1116 2487 1154 2562 &
1171 2489 1408 2582 Equites-'on

220 2605 271 2657 nrs
312 2601 397 2658 ecet.

231 2679 295 2752 His
314 2684 359 2754 ita
377 2677 543 2752 nansaffis
559 2730 573 2767 ,
588 2677 752 2752 inditium
774 2681 823 2754 est
846 2680 1072 2773 inposterum
1100 2679 1190 2756 diem
1209 2682 1407 2765 Confiliom

181 2777 325 2866 Status,
359 2773 440 2864 cui,
462 2791 501 2848 ut
527 2775 562 2848 in
587 2776 742 2849 omnious
765 2779 865 2850 rebus
888 2778 1009 2850 nostrae
1043 2779 1158 2853 Patriae
1183 2831 1196 2869 ,
1226 2773 1397 2864 Dominus

183 2871 354 2952 Tisnacus,
375 2871 413 2946 dc
431 2891 497 2965 ego
515 2869 740 2947 intereramus.
782 2874 950 2949 *Relatum
970 2873 1020 2946 est
1032 2875 1101 2964 ibi,
1123 2897 1185 2968 per
1204 2877 1398 2975 Albanum,

179 2968 399 3040 deomnibus
421 2969 753 3059 promemuunue
772 2973 842 3058 ,dc
865 2972 1043 3064 eleganter.
1090 2973 1312 3049 Pomconcta
1340 3000 1399 3052 au*

179 3063 248 3139 dita
271 3065 308 3137 dc
335 3064 501 3154 discuffa,
533 3068 648 3156 paucis
670 3069 839 3156 mutatis,
866 3070 1062 3161 placuerunt
1083 3090 1160 3162 quae
1182 3070 1279 3164 supra
1307 3095 1400 3150 com-

180 3178 358 3235 memorato
383 3159 471 3234 sunt
518 3161 575 3234 De
603 3185 674 3256 quo
690 3217 703 3248 ,
720 3164 769 3234 uti
784 3186 847 3258 per
866 3163 1061 3238 Gomesrum
1072 3166 1110 3237 dc
1126 3187 1189 3240 nos
1203 3169 1247 3241 adv
1261 3168 1397 3265 Regem

179 3257 319 3332 relatum
343 3255 427 3350 est,
455 3258 606 3330 decrevit
631 3261 674 3332 ita
697 3259 891 3335 faciendum
913 3282 934 3331 r·-
951 3259 1108 3334 nimirum
1127 3279 1167 3335 ut
1188 3265 1327 3338 Domini
1352 3271 1395 3344 ad

180 3353 274 3426 suam
298 3353 563 3442 Ceiiitudinem,
583 3355 620 3428 dc
639 3355 838 3447 Dominus,
862 3359 936 3431 hro.
950 3357 993 3430 de
1020 3379 1055 3430 re
1081 3356 1249 3452 scribant,
1272 3364 1397 3458 eosque

178 3449 344 3541 placatos·
367 3451 523 3524 reddant.
565 3453 643 3526 Nos
666 3453 801 3527 interim
825 3471 1042 3552 ,eumcum
1068 3453 1143 3548 ipsrs
1175 3509 1189 3546 ,
1217 3474 1290 3532 tum
1314 3477 1395 3535 cum

180 3543 335 3618 Consrb'o
359 3543 490 3635 Smtus,
508 3548 634 3640 reliqua
656 3569 879 3642 properamus
898 3551 942 3624 ad
963 3551 1066 3624 finem
1084 3551 1125 3624 iis
1138 3553 1397 3645 imponendum,
1492 3582 1496 3588 ·

180 3641 404 3734 ubi'prinun
423 3665 483 3735 per
502 3643 687 3718 Dominam
710 3645 816 3720 fuerit
844 3647 1050 3738 responsum.
1079 3648 1162 3742 Quo
1186 3651 1324 3739 quidem
1346 3651 1397 3722 uti

178 3738 348 3832 perveniri
362 3740 486 3830 poiiit,
507 3738 543 3811 do
560 3743 595 3813 id
616 3741 740 3829 meur,
763 3741 860 3833 quod
874 3742 918 3813 ad
936 3741 1222 3814 conservatorem
1246 3743 1397 3834 Religio

180 3835 231 3908 nis
256 3887 268 3924 ,
289 3835 327 3908 dc
351 3835 521 3910 seruitium
539 3837 677 3932 Regis,
708 3837 906 3926 bonumque
932 3835 1131 3928 pubiicum,
1164 3855 1242 3909 cum
1266 3839 1399 3914 honore

181 3932 216 4003 dt
230 3933 321 4004 bona
338 3953 423 4025 poce
442 3934 670 4008 Dominorum
691 3983 705 4020 ,
724 3933 868 4004 maxime
892 3931 1086 4025 pertineat,
1112 3931 1237 4004 nullam
1266 3953 1396 4028 partem

148 4027 279 4124 ,studii
305 4049 370 4099 nec
393 4028 497 4102 officii
522 4030 824 4126 pretermittemus.
930 4047 934 4052 ·
1129 4121 1132 4127 k

227 4123 363 4208 Habes,
377 4125 582 4200 Reverende
602 4125 753 4212 Praesui,
780 4123 884 4198 totan'r
907 4121 1102 4216 historiam
1125 4147 1221 4223 quae,
1247 4131 1271 4206 n
1290 4133 1361 4208 stet
1382 4187 1395 4224 ,

181 4237 253 4306 non
275 4237 395 4320 parvus
423 4223 467 4294 ad
496 4245 614 4316 pacem
640 4221 916 4302 &concordiam
952 4225 1142 4318 progressus
1170 4227 1278 4304 factus
1314 4229 1404 4313 est,

180 4333 283 4408 quom
319 4329 428 4389 totam
446 4321 546 4398 vobis
578 4319 778 4418 perscribere
802 4321 934 4411 volui3
963 4337 1035 4412 ut,
1057 4323 1082 4396 fi
1110 4345 1203 4418 opus·
1218 4327 1290 4412 fit,
1310 4340 1398 4393 mear
