3746 5142
482 549 563 613 m
616 517 929 633 Joacrrrmr
970 517 1246 602 Horruits
1278 515 1596 603 aristosa

476 683 561 754 dens
579 676 744 748 festinatio
768 673 900 764 Regia,
924 670 1026 758 facit,
1052 689 1090 743 ut
1111 670 1258 742 breviter
1275 670 1479 762 strictimque
1500 719 1513 758 ,
1541 672 1579 742 ἃ
1597 676 1691 761 quafi

473 772 674 866 personum
702 790 800 861 agere
827 779 956 860 cogar,
981 770 1024 840 lic
1046 785 1154 838 tumen
1182 783 1220 838 ut
1246 766 1377 860 utrique
1406 767 1553 856 epistolae
1570 769 1692 840 vestrae

473 869 509 942 iu
536 866 720 938 Decembri
750 864 907 955 scn'ptae,
941 863 1119 948 satisfaere
1152 865 1310 935 conabor.
1355 863 1443 956 Quae
1470 862 1514 930 de
1538 864 1691 951 periculis

472 961 668 1034 instantibus
699 961 883 1054 gracillimi
918 963 1030 1050 Ampl.
1056 959 1161 1029 velita
1194 959 1352 1028 admonet
1387 956 1498 1046 priore
1530 956 1689 1048 epistola,

473 1076 544 1134 non
568 1061 678 1130 minus
700 1069 778 1132 vera
803 1059 894 1138 lunt,
918 1061 1020 1148 qoam
1043 1071 1160 1124 curato
1183 1053 1396 1137 difficillima,
1418 1073 1487 1122 non
1509 1055 1614 1124 modo
1631 1075 1690 1145 per

474 1155 531 1242 se,
555 1158 600 1227 ob
622 1153 701 1226 mali
723 1153 823 1244 ipuus
844 1171 1017 1239 naturam,
1041 1155 1143 1240 quam
1160 1149 1209 1220 ob
1228 1153 1363 1240 longam
1380 1167 1507 1220 moram
1525 1150 1688 1239 nostram,

475 1251 513 1324 ἀ
530 1272 687 1341 magnam
702 1249 768 1320 loci
786 1247 994 1334 distantiam,
1016 1265 1094 1336 quae
1117 1247 1222 1318 celere
1246 1243 1375 1316 adferre
1391 1243 1490 1314 rebus
1507 1247 1689 1318 remedium

475 1349 643 1442 prohibet.
692 1345 907 1443 Quamquam
930 1362 1041 1416 tamen
1064 1341 1192 1430 sperem
1216 1339 1288 1410 sore
1311 1337 1689 1430 mummolenum,

475 1457 534 1516 aut
548 1447 637 1514 certe
655 1440 762 1528 primo
772 1441 918 1522 Martio,
938 1439 1015 1506 ln'nc
1031 1455 1229 1506 moveamus
1254 1455 1263 1504 :
1290 1451 1579 1526 praeparanturque
1599 1457 1691 1510 nunc

474 1561 515 1610 ea
538 1557 613 1625 quae
637 1534 680 1605 ad
701 1531 861 1620 Principis
882 1533 918 1600 in
940 1531 1126 1620 arragonis
1149 1526 1432 1622 inaugurationem
1456 1529 1614 1604 videntur
1632 1553 1691 1606 ne·

472 1631 614 1704 cellaria.

520 1726 604 1800 Dux
628 1723 778 1794 Albanus
810 1719 932 1792 abhinc
961 1717 1067 1790 tribus
1089 1718 1275 1810 septimanis
1298 1719 1431 1792 videtur
1453 1723 1691 1814 profecturus,

387 1835 391 1842 “
475 1821 604 1894 ducens
627 1824 695 1891 una
718 1819 830 1890 secum
856 1813 1091 1888 Cottevillium
1116 1815 1289 1904 nostrum
1311 1817 1485 1910 speratque
1504 1821 1565 1890 sub
1585 1822 1692 1894 linem

474 1915 600 2007 Aprilis
631 1913 725 1986 isthic
758 1909 967 1984 adfutumm.
1014 1911 1225 1985 Nominatim
1256 1925 1369 1986 autem
1399 1916 1579 2005 negocium
1604 1917 1693 1989 mihi

474 2011 591 2096 dedit,
614 2023 715 2103 prout
737 2006 996 2100 perfamiliariter
1017 2027 1150 2078 mecum
1165 2008 1255 2100 agit,
1278 2024 1316 2078 ut
1336 2010 1598 2100 Amplitudinem
1617 2012 1694 2084 ves-

218 2187 223 2196 ,
474 2123 560 2182 tram
590 2105 656 2178 suis
687 2105 796 2175 verbis
818 2102 1012 2190 salutarem3
1035 2102 1198 2194 simulque
1219 2123 1391 2195 rogarem,
1414 2117 1452 2175 ut
1474 2106 1584 2174 omnia
1607 2108 1694 2177 ami-
1811 2161 1815 2168 .

351 2201 355 2208 ’
475 2199 672 2274 ciffimorurn
708 2199 916 2284 hominum,
948 2195 985 2266 &
1019 2197 1123 2287 Regis
1152 2219 1191 2268 ac
1212 2199 1455 2287 Reipublicae,
1484 2200 1697 2288 potiffimuna
1848 2169 1850 2276 i

474 2313 586 2370 autem
616 2295 830 2387 Religionis,
858 2289 1150 2366 amantiffimorum
1181 2291 1320 2376 officia,
1348 2294 1431 2363 inter
1453 2313 1517 2362 vos
1538 2292 1693 2366 constare
1848 2299 1850 2314 '

475 2391 624 2487 polliut,
659 2390 695 2462 &
718 2391 859 2464 invicem
881 2389 925 2458 de
948 2389 1124 2480 negociis,
1156 2385 1193 2458 &
1211 2407 1334 2458 eorum
1363 2387 1452 2458 reeta
1475 2386 1691 2478 metatione,

473 2489 675 2582 respondere
700 2507 709 2555 :
734 2487 889 2569 addens,
913 2503 981 2554 non
1013 2481 1046 2553 se
1068 2483 1189 2554 habere
1212 2484 1376 2568 alterum,
1409 2479 1502 2572 cetius
1529 2483 1690 2575 virtute,

474 2585 650 2678 prodentia
674 2581 711 2653 δι
733 2581 830 2667 lide,
855 2577 957 2670 magis
977 2577 1037 2650 niti
1055 2577 1180 2669 poffit,
1209 2583 1310 2668 quam
1328 2577 1428 2648 unius
1449 2579 1692 2668 amplitudinis

473 2681 604 2753 velim.
653 2677 757 2774 Quod
772 2677 820 2748 uti
837 2671 1044 2748 libentiffime
1060 2695 1123 2765 pro
1142 2673 1257 2744 officio
1276 2694 1353 2745 meo
1372 2675 1470 2745 vobis
1495 2673 1610 2746 debito
1637 2695 1691 2748 au·
1772 2739 1775 2752 .
1849 2689 1851 2774 J

467 2776 544 2850 divi
562 2828 575 2864 ,
595 2776 640 2847 ita
662 2794 743 2846 mox
765 2771 876 2864 recepi
889 2791 950 2842 me
977 2789 1076 2859 quam
1101 2767 1341 2862 diligentilsune
1365 2770 1644 2861 'perscripturum

520 2871 576 2944 De
603 2871 710 2943 Frisrae
733 2868 870 2961 optimae
888 2865 1004 2939 Pamae
1027 2863 1147 2937 nostrae
1176 2865 1294 2936 misero
1316 2865 1399 2936 statu
1425 2869 1491 2939 una
1517 2866 1689 2940 vobiscum

475 2965 660 3062 graviffime
682 2965 794 3037 dolen.
841 2963 889 3033 Et
904 2965 1020 3046 certe,
1043 2960 1143 3052 longe
1165 2959 1288 3032 rectius
1308 2959 1417 3031 fuiffet
1432 2951 1593 3034 moderate
1614 2981 1688 3033 tem

473 3083 620 3155 gerere,
644 3063 746 3154 quim
776 3055 852 3150 post
875 3076 1012 3148 magnos
1034 3055 1167 3148 spiritus
1203 3073 1386 3146 conceptos
1410 3059 1554 3128 animum
1580 3058 1692 3131 remit·

474 3173 572 3243 tere,
597 3155 746 3246 &quali
770 3151 848 3224 foro
866 3152 997 3223 cedere.
1045 3151 1221 3242 ll'lirorque
1254 3153 1436 3224 Dokonem
1458 3173 1478 3223 a
1502 3153 1690 3240 Manena,

474 3249 650 3346 postquam
683 3247 906 3338 Amplitudini
930 3243 1047 3318 vestrae
1072 3245 1257 3320 affirmallet
1288 3245 1321 3318 se
1350 3248 1584 3340 scripturum,
1608 3247 1689 3324 nihil

473 3361 585 3420 tamen
604 3343 791 3437 praestitill'e.

520 3440 663 3515 Domini
681 3437 926 3511 Cobeliinostri
942 3449 1084 3508 mortem
1109 3437 1222 3509 doleo.
1269 3437 1324 3510 De
1346 3439 1526 3514 successore
1546 3441 1688 3533 nequid

473 3539 529 3614 hle
548 3535 706 3610 statuatur
726 3587 738 3623 ,
761 3551 937 3627 antequam
956 3531 1033 3603 Rex
1053 3533 1162 3608 isthuc
1181 3533 1382 3624 advenerit,
1404 3537 1500 3608 facile
1523 3561 1578 3613 rne
1602 3555 1689 3630 puto

473 3651 738 3730 procuraturum.
764 3630 841 3703 Nec
857 3631 930 3703 sane
949 3645 1033 3720 puto
1058 3630 1267 3721 Reipublicae
1287 3633 1358 3703 ullo
1374 3633 1477 3704 modo
1494 3635 1688 3724 convenire,

474 3749 513 3804 ut
542 3733 623 3806 alius
653 3733 755 3819 quim
781 3725 1006 3801 Cancellurius
1032 3725 1180 3800 Geldriae
1208 3745 1384 3816 vocetur3
1411 3729 1548 3802 minime
1575 3741 1691 3803 autem

472 3830 629 3900 omnium
658 3825 866 3898 Molinaus:
893 3826 936 3896 de
961 3837 1125 3913 quotum
1154 3831 1306 3912 metuo,
1331 3825 1480 3916 nequid
1505 3825 1603 3896 isthic
1627 3845 1690 3917 pet

473 3921 551 3990 suos
567 3925 742 4008 molatur,
766 3922 803 3992 δι
817 3937 884 3994 tam
900 3919 1018 4004 vobis,
1041 3927 1142 4010 quim
1165 3921 1262 3993 nobis
1279 3920 1513 4004 inscientibus,
1534 3940 1587 3992 res
1603 3935 1690 3993 uan-

470 4013 625 4104 figatur:
651 4023 773 4103 inquo
795 4017 906 4087 cautio
929 4016 1114 4086 adhibenda
1133 4015 1206 4104 est,
1229 4017 1339 4107 siqua
1360 4017 1433 4090 fieri
1455 4015 1587 4108 poterit

519 4105 627 4196 Cripii
649 4109 801 4179 dolorem
831 4109 933 4182 doleo
953 4130 966 4194 3
990 4108 1026 4177 δι
1049 4108 1125 4182 sane
1144 4159 1156 4196 ,
1178 4114 1303 4184 tametli
1326 4112 1478 4184 dilloluta
1500 4107 1689 4200 affinitate,

470 4199 595 4298 dignus
613 4217 727 4272 tamen
747 4203 888 4271 omnino
910 4201 1072 4293 videtur,
1096 4205 1150 4276 cui
1166 4205 1242 4278 data
1261 4210 1436 4281 ocetlione
1452 4207 1495 4280 ab
1513 4207 1689 4300 Amplitu-

469 4286 551 4375 dine
574 4296 679 4370 vestra
697 4296 785 4367 bene
805 4294 873 4367 fiat.

508 4395 578 4472 ab
597 4393 811 4474 Tzommone
833 4389 947 4468 nostro
965 4445 979 4488 ,
1000 4393 1096 4488 quod
1113 4395 1211 4472 valde
1233 4395 1496 4492 plaustum,
1522 4397 1606 4475 nihil
1628 4417 1691 4470 un-
