<?xml version="1.0" encoding="UTF-8"?>
<!DOCTYPE html PUBLIC "-//W3C//DTD XHTML 1.0 Transitional//EN"
    "http://www.w3.org/TR/xhtml1/DTD/xhtml1-transitional.dtd">
<html xmlns="http://www.w3.org/1999/xhtml" xml:lang="en" lang="en">
 <head>
  <title>
</title>
<meta http-equiv="Content-Type" content="text/html;charset=utf-8" />
  <meta name='ocr-system' content='tesseract 3.04.00' />
  <meta name='ocr-capabilities' content='ocr_page ocr_carea ocr_par ocr_line ocrx_word'/>
</head>
<body>
  <div class='ocr_page' id='page_1' title='image "./jhopperifrisiie00hoppgoog_0146.png"; bbox 0 0 3746 5142; ppageno 0'>
   <div class='ocr_carea' id='block_1_1' title="bbox 472 512 1581 622">
    <p class='ocr_par' dir='ltr' id='par_1_1' title="bbox 472 512 1581 622">
     <span class='ocr_line' id='line_1_1' title="bbox 472 512 1581 622; baseline 0.006 -30"><span class='ocrx_word' id='word_1_1' title='bbox 472 528 554 617; x_wconf 72' lang='lat'><strong>132</strong></span> <span class='ocrx_word' id='word_1_2' title='bbox 586 512 910 622; x_wconf 81' lang='lat' dir='ltr'><strong>JOACHIMI</strong></span> <span class='ocrx_word' id='word_1_3' title='bbox 938 513 1223 599; x_wconf 82' lang='lat' dir='ltr'>HOPP&#39;ERI</span> <span class='ocrx_word' id='word_1_4' title='bbox 1249 513 1581 599; x_wconf 77' lang='lat' dir='ltr'>EPISTOLAE-</span> 
     </span>
    </p>
   </div>
   <div class='ocr_carea' id='block_1_2' title="bbox 358 660 1678 764">
    <p class='ocr_par' dir='ltr' id='par_1_2' title="bbox 358 660 1678 764">
     <span class='ocr_line' id='line_1_2' title="bbox 358 660 1678 764; baseline 0.009 -32"><span class='ocrx_word' id='word_1_5' title='bbox 358 693 364 700; x_wconf 93' lang='lat'><strong>·</strong></span> <span class='ocrx_word' id='word_1_6' title='bbox 471 660 552 752; x_wconf 83' lang='lat' dir='ltr'><strong>est,</strong></span> <span class='ocrx_word' id='word_1_7' title='bbox 577 664 614 735; x_wconf 80' lang='lat' dir='ltr'><strong>dc</strong></span> <span class='ocrx_word' id='word_1_8' title='bbox 638 667 723 739; x_wconf 91' lang='lat' dir='ltr'><strong>ratio</strong></span> <span class='ocrx_word' id='word_1_9' title='bbox 751 669 858 761; x_wconf 89' lang='lat' dir='ltr'><strong>aliqua</strong></span> <span class='ocrx_word' id='word_1_10' title='bbox 885 670 1063 742; x_wconf 90' lang='lat' dir='ltr'><strong>commoda</strong></span> <span class='ocrx_word' id='word_1_11' title='bbox 1086 668 1224 742; x_wconf 83' lang='lat' dir='ltr'><strong>inveniri</strong></span> <span class='ocrx_word' id='word_1_12' title='bbox 1246 667 1335 764; x_wconf 84' lang='lat' dir='ltr'><strong>polle</strong></span> <span class='ocrx_word' id='word_1_13' title='bbox 1363 668 1529 755; x_wconf 82' lang='lat' dir='ltr'><strong>videtur,</strong></span> <span class='ocrx_word' id='word_1_14' title='bbox 1552 688 1619 761; x_wconf 90' lang='lat' dir='ltr'><strong>qua</strong></span> <span class='ocrx_word' id='word_1_15' title='bbox 1638 667 1678 744; x_wconf 75' lang='lat' dir='ltr'><strong>da</strong></span> 
     </span>
    </p>
   </div>
   <div class='ocr_carea' id='block_1_3' title="bbox 430 759 1845 1912">
    <p class='ocr_par' dir='ltr' id='par_1_3' title="bbox 430 759 1293 856">
     <span class='ocr_line' id='line_1_3' title="bbox 430 759 1293 856; baseline 0.012 -27"><span class='ocrx_word' id='word_1_16' title='bbox 430 797 435 808; x_wconf 91' lang='lat'><strong>·</strong></span> <span class='ocrx_word' id='word_1_17' title='bbox 469 759 634 832; x_wconf 82' lang='lat' dir='ltr'><strong>uoluntati</strong></span> <span class='ocrx_word' id='word_1_18' title='bbox 657 764 757 856; x_wconf 76' lang='lat' dir='ltr'><strong>ipsius</strong></span> <span class='ocrx_word' id='word_1_19' title='bbox 774 764 935 851; x_wconf 82' lang='lat' dir='ltr'><strong>satisfiat,</strong></span> <span class='ocrx_word' id='word_1_20' title='bbox 959 763 1002 837; x_wconf 74' lang='lat' dir='ltr'><strong>dc</strong></span> <span class='ocrx_word' id='word_1_21' title='bbox 1018 765 1293 838; x_wconf 74' lang='lat' dir='ltr'><strong>tormentetur.-</strong></span> 
     </span>
    </p>

    <p class='ocr_par' dir='ltr' id='par_1_4' title="bbox 434 853 1677 1144">
     <span class='ocr_line' id='line_1_4' title="bbox 434 853 1677 961; baseline 0.007 -37"><span class='ocrx_word' id='word_1_22' title='bbox 434 931 440 946; x_wconf 33' lang='lat'>.</span> <span class='ocrx_word' id='word_1_23' title='bbox 506 853 599 961; x_wconf 34' lang='lat' dir='ltr'><strong>&#39;Legi</strong></span> <span class='ocrx_word' id='word_1_24' title='bbox 613 854 679 930; x_wconf 91' lang='lat' dir='ltr'><strong>suae</strong></span> <span class='ocrx_word' id='word_1_25' title='bbox 700 859 1069 954; x_wconf 85' lang='lat' dir='ltr'><strong>Majessatipam&#39;culam</strong></span> <span class='ocrx_word' id='word_1_26' title='bbox 1081 877 1247 936; x_wconf 87' lang='lat' dir='ltr'><strong>unamaut</strong></span> <span class='ocrx_word' id='word_1_27' title='bbox 1262 861 1395 932; x_wconf 86' lang='lat' dir='ltr'><strong>alteram</strong></span> <span class='ocrx_word' id='word_1_28' title='bbox 1412 860 1579 931; x_wconf 84' lang='lat' dir='ltr'><strong>literarum</strong></span> <span class='ocrx_word' id='word_1_29' title='bbox 1592 861 1677 933; x_wconf 81' lang='lat' dir='ltr'><strong>Am-</strong></span> 
     </span>
     <span class='ocr_line' id='line_1_5' title="bbox 467 947 1677 1051; baseline 0.012 -35"><span class='ocrx_word' id='word_1_30' title='bbox 467 947 539 1038; x_wconf 89' lang='lat' dir='ltr'><strong>plrt.</strong></span> <span class='ocrx_word' id='word_1_31' title='bbox 558 951 703 1043; x_wconf 83' lang='lat' dir='ltr'><strong>vestra,</strong></span> <span class='ocrx_word' id='word_1_32' title='bbox 726 979 802 1050; x_wconf 80' lang='lat' dir='ltr'><strong>qua</strong></span> <span class='ocrx_word' id='word_1_33' title='bbox 821 957 959 1031; x_wconf 75' lang='lat' dir='ltr'><strong>mirifice</strong></span> <span class='ocrx_word' id='word_1_34' title='bbox 985 959 1212 1051; x_wconf 82' lang='lat' dir='ltr'><strong>placuerunt3</strong></span> <span class='ocrx_word' id='word_1_35' title='bbox 1235 956 1272 1029; x_wconf 78' lang='lat' dir='ltr'><strong>dc</strong></span> <span class='ocrx_word' id='word_1_36' title='bbox 1298 968 1338 1026; x_wconf 90' lang='lat' dir='ltr'><strong>ut</strong></span> <span class='ocrx_word' id='word_1_37' title='bbox 1366 955 1485 1046; x_wconf 81' lang='lat' dir='ltr'><strong>gratias</strong></span> <span class='ocrx_word' id='word_1_38' title='bbox 1502 953 1599 1028; x_wconf 78' lang='lat' dir='ltr'><strong>vobit</strong></span> <span class='ocrx_word' id='word_1_39' title='bbox 1615 955 1677 1030; x_wconf 90' lang='lat' dir='ltr'><strong>suo</strong></span> 
     </span>
     <span class='ocr_line' id='line_1_6' title="bbox 465 1045 1332 1144; baseline 0.02 -30"><span class='ocrx_word' id='word_1_40' title='bbox 465 1045 601 1119; x_wconf 78' lang='lat' dir='ltr'><strong>nontine</strong></span> <span class='ocrx_word' id='word_1_41' title='bbox 619 1049 776 1128; x_wconf 82' lang='lat' dir='ltr'><strong>haberem</strong></span> <span class='ocrx_word' id='word_1_42' title='bbox 794 1105 818 1144; x_wconf 89' lang='lat'><strong>,.</strong></span> <span class='ocrx_word' id='word_1_43' title='bbox 835 1054 1014 1129; x_wconf 87' lang='lat' dir='ltr'><strong>mandavit.</strong></span> <span class='ocrx_word' id='word_1_44' title='bbox 1326 1063 1332 1070; x_wconf 86' lang='grc'><strong><em>’</em></strong></span> 
     </span>
    </p>

    <p class='ocr_par' dir='ltr' id='par_1_5' title="bbox 464 1140 1678 1532">
     <span class='ocr_line' id='line_1_7' title="bbox 512 1140 1677 1246; baseline 0.007 -32"><span class='ocrx_word' id='word_1_45' title='bbox 512 1140 575 1214; x_wconf 89' lang='lat' dir='ltr'><strong>De</strong></span> <span class='ocrx_word' id='word_1_46' title='bbox 589 1146 666 1218; x_wconf 80' lang='lat' dir='ltr'><strong>msu</strong></span> <span class='ocrx_word' id='word_1_47' title='bbox 682 1149 870 1224; x_wconf 86' lang='lat' dir='ltr'><strong>nostrorum</strong></span> <span class='ocrx_word' id='word_1_48' title='bbox 888 1202 906 1239; x_wconf 88' lang='lat'><strong>,</strong></span> <span class='ocrx_word' id='word_1_49' title='bbox 923 1152 983 1244; x_wconf 92' lang='lat' dir='ltr'><strong>qui</strong></span> <span class='ocrx_word' id='word_1_50' title='bbox 999 1150 1122 1246; x_wconf 91' lang='lat' dir='ltr'><strong>captivi</strong></span> <span class='ocrx_word' id='word_1_51' title='bbox 1136 1149 1328 1224; x_wconf 75' lang='lat' dir='ltr'>detinentur</span> <span class='ocrx_word' id='word_1_52' title='bbox 1349 1197 1362 1236; x_wconf 90' lang='lat'><strong>,</strong></span> <span class='ocrx_word' id='word_1_53' title='bbox 1385 1147 1598 1220; x_wconf 83' lang='lat' dir='ltr'><strong>vehementer</strong></span> <span class='ocrx_word' id='word_1_54' title='bbox 1615 1149 1677 1222; x_wconf 87' lang='lat' dir='ltr'><strong>do-</strong></span> 
     </span>
     <span class='ocr_line' id='line_1_8' title="bbox 464 1232 1678 1342; baseline 0.004 -29"><span class='ocrx_word' id='word_1_55' title='bbox 464 1232 530 1310; x_wconf 85' lang='lat' dir='ltr'><strong>leo.</strong></span> <span class='ocrx_word' id='word_1_56' title='bbox 578 1241 646 1314; x_wconf 81' lang='lat' dir='ltr'><strong>Sed</strong></span> <span class='ocrx_word' id='word_1_57' title='bbox 662 1248 949 1338; x_wconf 85' lang='lat' dir='ltr'><strong>quemadmodum</strong></span> <span class='ocrx_word' id='word_1_58' title='bbox 961 1249 1102 1342; x_wconf 82' lang='lat' dir='ltr'><strong>Amplit.</strong></span> <span class='ocrx_word' id='word_1_59' title='bbox 1119 1245 1228 1321; x_wconf 75' lang='lat' dir='ltr'><strong>vello</strong></span> <span class='ocrx_word' id='word_1_60' title='bbox 1243 1243 1344 1330; x_wconf 91' lang='lat' dir='ltr'><strong>dicit,</strong></span> <span class='ocrx_word' id='word_1_61' title='bbox 1358 1243 1532 1334; x_wconf 90' lang='lat' dir='ltr'><strong>quomodo</strong></span> <span class='ocrx_word' id='word_1_62' title='bbox 1549 1263 1602 1316; x_wconf 80' lang='lat' dir='ltr'><strong>ret</strong></span> <span class='ocrx_word' id='word_1_63' title='bbox 1618 1263 1678 1318; x_wconf 81' lang='lat' dir='ltr'><strong>ex·</strong></span> 
     </span>
     <span class='ocr_line' id='line_1_9' title="bbox 464 1335 1678 1432; baseline 0.007 -26"><span class='ocrx_word' id='word_1_64' title='bbox 464 1335 574 1423; x_wconf 78' lang='lat' dir='ltr'><strong>pediti</strong></span> <span class='ocrx_word' id='word_1_65' title='bbox 591 1338 715 1430; x_wconf 82' lang='lat' dir='ltr'><strong>possit,</strong></span> <span class='ocrx_word' id='word_1_66' title='bbox 738 1345 903 1418; x_wconf 87' lang='lat' dir='ltr'><strong>nonsatis</strong></span> <span class='ocrx_word' id='word_1_67' title='bbox 923 1345 1022 1418; x_wconf 89' lang='lat' dir='ltr'><strong>video</strong></span> <span class='ocrx_word' id='word_1_68' title='bbox 1041 1367 1054 1432; x_wconf 69' lang='grc' dir='ltr'><strong>ς</strong></span> <span class='ocrx_word' id='word_1_69' title='bbox 1073 1344 1134 1415; x_wconf 86' lang='lat' dir='ltr'><strong>nist</strong></span> <span class='ocrx_word' id='word_1_70' title='bbox 1152 1341 1284 1414; x_wconf 73' lang='lat' dir='ltr'><strong>forcalle</strong></span> <span class='ocrx_word' id='word_1_71' title='bbox 1298 1341 1333 1410; x_wconf 89' lang='lat' dir='ltr'><strong>in</strong></span> <span class='ocrx_word' id='word_1_72' title='bbox 1359 1338 1466 1430; x_wconf 85' lang='lat' dir='ltr'><strong>Regis</strong></span> <span class='ocrx_word' id='word_1_73' title='bbox 1492 1339 1678 1415; x_wconf 86' lang='lat' dir='ltr'><strong>adventum</strong></span> 
     </span>
     <span class='ocr_line' id='line_1_10' title="bbox 464 1427 1676 1532; baseline 0.008 -31"><span class='ocrx_word' id='word_1_74' title='bbox 464 1427 587 1504; x_wconf 87' lang='lat' dir='ltr'><strong>differri</strong></span> <span class='ocrx_word' id='word_1_75' title='bbox 604 1454 717 1521; x_wconf 85' lang='lat' dir='ltr'><strong>queat.</strong></span> <span class='ocrx_word' id='word_1_76' title='bbox 749 1441 855 1532; x_wconf 88' lang='lat' dir='ltr'><strong>Quod</strong></span> <span class='ocrx_word' id='word_1_77' title='bbox 871 1440 896 1510; x_wconf 86' lang='lat' dir='ltr'><strong>st</strong></span> <span class='ocrx_word' id='word_1_78' title='bbox 911 1438 1135 1532; x_wconf 88' lang='lat' dir='ltr'><strong>fiat.,.aliquid</strong></span> <span class='ocrx_word' id='word_1_79' title='bbox 1154 1438 1252 1506; x_wconf 78' lang='lat' dir='ltr'><strong>bone</strong></span> <span class='ocrx_word' id='word_1_80' title='bbox 1274 1431 1344 1524; x_wconf 87' lang='lat' dir='ltr'><strong>spei</strong></span> <span class='ocrx_word' id='word_1_81' title='bbox 1365 1431 1527 1524; x_wconf 83' lang='lat' dir='ltr'><strong>superesse</strong></span> <span class='ocrx_word' id='word_1_82' title='bbox 1544 1433 1676 1528; x_wconf 78' lang='lat' dir='ltr'><strong>poterit:</strong></span> 
     </span>
    </p>

    <p class='ocr_par' dir='ltr' id='par_1_6' title="bbox 460 1525 1845 1912">
     <span class='ocr_line' id='line_1_11' title="bbox 511 1525 1679 1622; baseline 0.006 -25"><span class='ocrx_word' id='word_1_83' title='bbox 511 1525 754 1602; x_wconf 87' lang='lat' dir='ltr'><strong>Rollemanum</strong></span> <span class='ocrx_word' id='word_1_84' title='bbox 779 1533 929 1603; x_wconf 86' lang='lat' dir='ltr'><strong>nostrum</strong></span> <span class='ocrx_word' id='word_1_85' title='bbox 953 1534 1036 1604; x_wconf 83' lang='lat' dir='ltr'><strong>nihil</strong></span> <span class='ocrx_word' id='word_1_86' title='bbox 1072 1549 1221 1622; x_wconf 90' lang='lat' dir='ltr'><strong>unquam</strong></span> <span class='ocrx_word' id='word_1_87' title='bbox 1252 1527 1297 1599; x_wconf 90' lang='lat' dir='ltr'><strong>ad</strong></span> <span class='ocrx_word' id='word_1_88' title='bbox 1324 1548 1380 1599; x_wconf 89' lang='lat' dir='ltr'><strong>me</strong></span> <span class='ocrx_word' id='word_1_89' title='bbox 1400 1529 1551 1621; x_wconf 75' lang='lat' dir='ltr'><strong>scripsisse</strong></span> <span class='ocrx_word' id='word_1_90' title='bbox 1577 1531 1679 1604; x_wconf 80' lang='lat' dir='ltr'><strong>valdo</strong></span> 
     </span>
     <span class='ocr_line' id='line_1_12' title="bbox 463 1617 1845 1718; baseline 0.008 -28"><span class='ocrx_word' id='word_1_91' title='bbox 463 1617 566 1690; x_wconf 90' lang='lat' dir='ltr'><strong>miror</strong></span> <span class='ocrx_word' id='word_1_92' title='bbox 585 1641 598 1706; x_wconf 73' lang='grc' dir='ltr'><strong>ς</strong></span> <span class='ocrx_word' id='word_1_93' title='bbox 620 1623 664 1694; x_wconf 85' lang='lat' dir='ltr'><strong>de</strong></span> <span class='ocrx_word' id='word_1_94' title='bbox 697 1623 808 1695; x_wconf 89' lang='lat' dir='ltr'><strong>Hakio</strong></span> <span class='ocrx_word' id='word_1_95' title='bbox 836 1641 974 1710; x_wconf 89' lang='lat' dir='ltr'><strong>autem,</strong></span> <span class='ocrx_word' id='word_1_96' title='bbox 995 1627 1229 1715; x_wconf 84' lang='lat' dir='ltr'><strong>triumphare,</strong></span> <span class='ocrx_word' id='word_1_97' title='bbox 1253 1621 1292 1692; x_wconf 79' lang='lat' dir='ltr'><strong>dt</strong></span> <span class='ocrx_word' id='word_1_98' title='bbox 1316 1643 1387 1695; x_wconf 88' lang='lat' dir='ltr'><strong>tem</strong></span> <span class='ocrx_word' id='word_1_99' title='bbox 1418 1622 1682 1718; x_wconf 62' lang='lat' dir='ltr'><strong>logotetema</strong></span> <span class='ocrx_word' id='word_1_100' title='bbox 1844 1649 1845 1710; x_wconf 71' lang='lat' dir='ltr'><strong>l</strong></span> 
     </span>
     <span class='ocr_line' id='line_1_13' title="bbox 461 1711 1845 1816; baseline 0.011 -33"><span class='ocrx_word' id='word_1_101' title='bbox 461 1711 674 1789; x_wconf 72' lang='lat' dir='ltr'><strong>illustrissima</strong></span> <span class='ocrx_word' id='word_1_102' title='bbox 702 1717 863 1791; x_wconf 81' lang='lat' dir='ltr'><strong>Dominae.</strong></span> <span class='ocrx_word' id='word_1_103' title='bbox 880 1717 1027 1790; x_wconf 82' lang='lat' dir='ltr'><strong>Duciffae</strong></span> <span class='ocrx_word' id='word_1_104' title='bbox 1052 1735 1162 1812; x_wconf 80' lang='lat' dir='ltr'><strong>gratus</strong></span> <span class='ocrx_word' id='word_1_105' title='bbox 1177 1719 1249 1804; x_wconf 88' lang='lat' dir='ltr'><strong>lit,</strong></span> <span class='ocrx_word' id='word_1_106' title='bbox 1270 1715 1348 1791; x_wconf 74' lang='lat' dir='ltr'><strong>sane</strong></span> <span class='ocrx_word' id='word_1_107' title='bbox 1364 1739 1505 1811; x_wconf 85' lang='lat' dir='ltr'><strong>quoque</strong></span> <span class='ocrx_word' id='word_1_108' title='bbox 1530 1721 1683 1816; x_wconf 65' lang='lat' dir='ltr'><strong>gaudeus</strong></span> <span class='ocrx_word' id='word_1_109' title='bbox 1843 1731 1845 1798; x_wconf 69' lang='lat' dir='ltr'><strong>l</strong></span> 
     </span>
     <span class='ocr_line' id='line_1_14' title="bbox 460 1806 1685 1912; baseline 0.011 -33"><span class='ocrx_word' id='word_1_110' title='bbox 460 1806 510 1880; x_wconf 83' lang='lat' dir='ltr'><strong>Et</strong></span> <span class='ocrx_word' id='word_1_111' title='bbox 525 1809 549 1880; x_wconf 87' lang='lat' dir='ltr'><strong>st</strong></span> <span class='ocrx_word' id='word_1_112' title='bbox 565 1815 641 1900; x_wconf 87' lang='lat' dir='ltr'><strong>quis</strong></span> <span class='ocrx_word' id='word_1_113' title='bbox 658 1811 707 1884; x_wconf 87' lang='lat' dir='ltr'><strong>est</strong></span> <span class='ocrx_word' id='word_1_114' title='bbox 720 1813 906 1886; x_wconf 84' lang='lat' dir='ltr'><strong>mortalium</strong></span> <span class='ocrx_word' id='word_1_115' title='bbox 927 1815 987 1906; x_wconf 89' lang='lat' dir='ltr'><strong>qui</strong></span> <span class='ocrx_word' id='word_1_116' title='bbox 1014 1835 1058 1886; x_wconf 83' lang='lat' dir='ltr'><strong>ex</strong></span> <span class='ocrx_word' id='word_1_117' title='bbox 1070 1811 1207 1886; x_wconf 76' lang='lat' dir='ltr'><strong>alionum</strong></span> <span class='ocrx_word' id='word_1_118' title='bbox 1236 1812 1490 1902; x_wconf 77' lang='lat' dir='ltr'><strong>incommodis,</strong></span> <span class='ocrx_word' id='word_1_119' title='bbox 1517 1819 1540 1912; x_wconf 93' lang='lat'>(</span> <span class='ocrx_word' id='word_1_120' title='bbox 1557 1819 1685 1910; x_wconf 78' lang='lat' dir='ltr'><strong>sponte</strong></span> 
     </span>
    </p>
   </div>
   <div class='ocr_carea' id='block_1_4' title="bbox 461 1901 1845 2101">
    <p class='ocr_par' dir='ltr' id='par_1_7' title="bbox 461 1901 1845 2101">
     <span class='ocr_line' id='line_1_15' title="bbox 461 1901 1845 2005; baseline 0.007 -29"><span class='ocrx_word' id='word_1_121' title='bbox 461 1901 542 1976; x_wconf 92' lang='lat' dir='ltr'><strong>dico</strong></span> <span class='ocrx_word' id='word_1_122' title='bbox 559 1907 740 2001; x_wconf 85' lang='lat' dir='ltr'><strong>quaefitis)</strong></span> <span class='ocrx_word' id='word_1_123' title='bbox 765 1907 863 1980; x_wconf 90' lang='lat' dir='ltr'><strong>suum</strong></span> <span class='ocrx_word' id='word_1_124' title='bbox 879 1906 958 1981; x_wconf 92' lang='lat' dir='ltr'><strong>sciat</strong></span> <span class='ocrx_word' id='word_1_125' title='bbox 973 1907 1084 1982; x_wconf 83' lang='lat' dir='ltr'><strong>facere</strong></span> <span class='ocrx_word' id='word_1_126' title='bbox 1109 1908 1357 1999; x_wconf 88' lang='lat' dir='ltr'><strong>commodum,</strong></span> <span class='ocrx_word' id='word_1_127' title='bbox 1389 1911 1442 1983; x_wconf 90' lang='lat' dir='ltr'><strong>ille</strong></span> <span class='ocrx_word' id='word_1_128' title='bbox 1469 1930 1564 1984; x_wconf 90' lang='lat' dir='ltr'><strong>unus-</strong></span> <span class='ocrx_word' id='word_1_129' title='bbox 1588 1915 1658 1985; x_wconf 85' lang='lat' dir='ltr'><strong>en&#39;t</strong></span> <span class='ocrx_word' id='word_1_130' title='bbox 1671 1937 1701 2005; x_wconf 92' lang='lat'><strong>·,.</strong></span> <span class='ocrx_word' id='word_1_131' title='bbox 1843 1959 1845 2000; x_wconf 62' lang='lat'>2</span> 
     </span>
     <span class='ocr_line' id='line_1_16' title="bbox 462 1996 1845 2101; baseline 0.004 -31"><span class='ocrx_word' id='word_1_132' title='bbox 462 1996 502 2070; x_wconf 82' lang='lat' dir='ltr'><strong>dc</strong></span> <span class='ocrx_word' id='word_1_133' title='bbox 519 1999 543 2079; x_wconf 81' lang='grc' dir='ltr'><strong>[ι</strong></span> <span class='ocrx_word' id='word_1_134' title='bbox 561 2003 649 2093; x_wconf 94' lang='lat' dir='ltr'><strong>quid</strong></span> <span class='ocrx_word' id='word_1_135' title='bbox 662 2004 780 2076; x_wconf 80' lang='lat' dir='ltr'><strong>Snecae</strong></span> <span class='ocrx_word' id='word_1_136' title='bbox 796 2003 930 2092; x_wconf 75' lang='lat' dir='ltr'><strong>amisit,</strong></span> <span class='ocrx_word' id='word_1_137' title='bbox 950 2005 1179 2101; x_wconf 84' lang='lat' dir='ltr'><strong>Middelburgi</strong></span> <span class='ocrx_word' id='word_1_138' title='bbox 1197 2004 1296 2079; x_wconf 72' lang='lat' dir='ltr'><strong>facua</strong></span> <span class='ocrx_word' id='word_1_139' title='bbox 1317 2005 1527 2099; x_wconf 88' lang='lat' dir='ltr'><strong>recuperabit</strong></span> <span class='ocrx_word' id='word_1_140' title='bbox 1548 2007 1687 2100; x_wconf 80' lang='lat' dir='ltr'><strong>3cuj11a</strong></span> <span class='ocrx_word' id='word_1_141' title='bbox 1843 2063 1845 2076; x_wconf 22' lang='grc' dir='ltr'><em>Α</em></span> 
     </span>
    </p>
   </div>
   <div class='ocr_carea' id='block_1_5' title="bbox 460 2099 1699 2580">
    <p class='ocr_par' dir='ltr' id='par_1_8' title="bbox 461 2099 1699 2271">
     <span class='ocr_line' id='line_1_17' title="bbox 461 2099 1699 2196; baseline 0.011 -26"><span class='ocrx_word' id='word_1_142' title='bbox 461 2112 590 2187; x_wconf 72' lang='lat' dir='ltr'><strong>putem</strong></span> <span class='ocrx_word' id='word_1_143' title='bbox 612 2099 848 2174; x_wconf 83' lang='lat' dir='ltr'><strong>consumemus</strong></span> <span class='ocrx_word' id='word_1_144' title='bbox 866 2153 887 2188; x_wconf 91' lang='lat'><strong>,.</strong></span> <span class='ocrx_word' id='word_1_145' title='bbox 906 2100 966 2172; x_wconf 89' lang='lat' dir='ltr'><strong>ubi</strong></span> <span class='ocrx_word' id='word_1_146' title='bbox 984 2104 1131 2195; x_wconf 81' lang='lat' dir='ltr'><strong>primum</strong></span> <span class='ocrx_word' id='word_1_147' title='bbox 1149 2153 1163 2196; x_wconf 87' lang='lat'><strong>,</strong></span> <span class='ocrx_word' id='word_1_148' title='bbox 1180 2101 1420 2192; x_wconf 84' lang='lat' dir='ltr'><strong>deovolente,</strong></span> <span class='ocrx_word' id='word_1_149' title='bbox 1433 2101 1699 2194; x_wconf 67' lang='lat' dir='ltr'><strong>appulerimum.</strong></span> 
     </span>
     <span class='ocr_line' id='line_1_18' title="bbox 462 2193 1064 2271; baseline 0.007 -7"><span class='ocrx_word' id='word_1_150' title='bbox 462 2211 541 2264; x_wconf 89' lang='lat' dir='ltr'><strong>nam</strong></span> <span class='ocrx_word' id='word_1_151' title='bbox 563 2193 606 2265; x_wconf 93' lang='lat' dir='ltr'><strong>ad</strong></span> <span class='ocrx_word' id='word_1_152' title='bbox 626 2195 720 2270; x_wconf 88' lang='lat' dir='ltr'><strong>illum</strong></span> <span class='ocrx_word' id='word_1_153' title='bbox 744 2195 835 2271; x_wconf 77' lang='lat' dir='ltr'><strong>recia</strong></span> <span class='ocrx_word' id='word_1_154' title='bbox 849 2195 1064 2270; x_wconf 67' lang='lat' dir='ltr'><strong>divertemus,</strong></span> 
     </span>
    </p>

    <p class='ocr_par' dir='ltr' id='par_1_9' title="bbox 460 2287 1682 2580">
     <span class='ocr_line' id='line_1_19' title="bbox 507 2287 1681 2386; baseline 0.003 -24"><span class='ocrx_word' id='word_1_155' title='bbox 507 2287 564 2362; x_wconf 89' lang='lat' dir='ltr'><strong>De</strong></span> <span class='ocrx_word' id='word_1_156' title='bbox 583 2289 824 2368; x_wconf 85' lang='lat' dir='ltr'><strong>Munilicentiae</strong></span> <span class='ocrx_word' id='word_1_157' title='bbox 840 2293 958 2384; x_wconf 78' lang='lat' dir='ltr'><strong>Reglae</strong></span> <span class='ocrx_word' id='word_1_158' title='bbox 973 2292 1298 2386; x_wconf 79' lang='lat' dir='ltr'><strong>congratulatione,</strong></span> <span class='ocrx_word' id='word_1_159' title='bbox 1319 2309 1456 2383; x_wconf 84' lang='lat' dir='ltr'><strong>magnas</strong></span> <span class='ocrx_word' id='word_1_160' title='bbox 1475 2290 1589 2364; x_wconf 77' lang='lat' dir='ltr'><strong>habeo</strong></span> <span class='ocrx_word' id='word_1_161' title='bbox 1606 2311 1681 2386; x_wconf 83' lang='lat' dir='ltr'><strong>gra·</strong></span> 
     </span>
     <span class='ocr_line' id='line_1_20' title="bbox 463 2383 1682 2482; baseline 0.004 -25"><span class='ocrx_word' id='word_1_162' title='bbox 463 2383 534 2458; x_wconf 85' lang='lat' dir='ltr'><strong>tias.</strong></span> <span class='ocrx_word' id='word_1_163' title='bbox 578 2387 647 2460; x_wconf 85' lang='lat' dir='ltr'><strong>Sed</strong></span> <span class='ocrx_word' id='word_1_164' title='bbox 661 2409 765 2480; x_wconf 91' lang='lat' dir='ltr'><strong>quem</strong></span> <span class='ocrx_word' id='word_1_165' title='bbox 779 2390 833 2463; x_wconf 90' lang='lat' dir='ltr'><strong>illa</strong></span> <span class='ocrx_word' id='word_1_166' title='bbox 846 2388 1025 2466; x_wconf 78' lang='lat' dir='ltr'><strong>successam</strong></span> <span class='ocrx_word' id='word_1_167' title='bbox 1049 2391 1091 2462; x_wconf 90' lang='lat' dir='ltr'><strong>lit</strong></span> <span class='ocrx_word' id='word_1_168' title='bbox 1109 2388 1297 2477; x_wconf 83' lang='lat' dir='ltr'><strong>habitura,</strong></span> <span class='ocrx_word' id='word_1_169' title='bbox 1315 2407 1358 2462; x_wconf 86' lang='lat' dir='ltr'><strong>ex</strong></span> <span class='ocrx_word' id='word_1_170' title='bbox 1382 2387 1541 2482; x_wconf 87' lang='lat' dir='ltr'><strong>responso</strong></span> <span class='ocrx_word' id='word_1_171' title='bbox 1567 2387 1682 2462; x_wconf 83' lang='lat' dir='ltr'><strong>vestro</strong></span> 
     </span>
     <span class='ocr_line' id='line_1_21' title="bbox 460 2481 918 2580; baseline 0 -27"><span class='ocrx_word' id='word_1_172' title='bbox 460 2481 619 2575; x_wconf 81' lang='lat' dir='ltr'><strong>pendet,</strong></span> <span class='ocrx_word' id='word_1_173' title='bbox 642 2483 918 2580; x_wconf 74' lang='lat' dir='ltr'><strong>quodexpetto..</strong></span> 
     </span>
    </p>
   </div>
   <div class='ocr_carea' id='block_1_6' title="bbox 347 2578 1678 2675">
    <p class='ocr_par' dir='ltr' id='par_1_10' title="bbox 347 2578 1678 2675">
     <span class='ocr_line' id='line_1_22' title="bbox 347 2578 1678 2675; baseline 0.005 -25"><span class='ocrx_word' id='word_1_174' title='bbox 347 2605 353 2614; x_wconf 92' lang='lat'><strong>·</strong></span> <span class='ocrx_word' id='word_1_175' title='bbox 508 2578 652 2656; x_wconf 82' lang='lat' dir='ltr'><strong>Schema</strong></span> <span class='ocrx_word' id='word_1_176' title='bbox 676 2581 877 2657; x_wconf 87' lang='lat' dir='ltr'><strong>Catecbismi</strong></span> <span class='ocrx_word' id='word_1_177' title='bbox 899 2581 1024 2657; x_wconf 83' lang='lat' dir='ltr'><strong>Hunaei</strong></span> <span class='ocrx_word' id='word_1_178' title='bbox 1047 2582 1122 2656; x_wconf 75' lang='lat' dir='ltr'><strong>saud</strong></span> <span class='ocrx_word' id='word_1_179' title='bbox 1144 2583 1282 2675; x_wconf 85' lang='lat' dir='ltr'><strong>placet,</strong></span> <span class='ocrx_word' id='word_1_180' title='bbox 1297 2579 1335 2654; x_wconf 77' lang='lat' dir='ltr'><strong>dl</strong></span> <span class='ocrx_word' id='word_1_181' title='bbox 1357 2582 1401 2653; x_wconf 90' lang='lat' dir='ltr'><strong>ad</strong></span> <span class='ocrx_word' id='word_1_182' title='bbox 1421 2581 1557 2654; x_wconf 86' lang='lat' dir='ltr'><strong>meliora</strong></span> <span class='ocrx_word' id='word_1_183' title='bbox 1579 2579 1678 2656; x_wconf 85' lang='lat' dir='ltr'><strong>illum</strong></span> 
     </span>
    </p>
   </div>
   <div class='ocr_carea' id='block_1_7' title="bbox 458 2675 1676 3254">
    <p class='ocr_par' dir='ltr' id='par_1_11' title="bbox 458 2675 1676 3254">
     <span class='ocr_line' id='line_1_23' title="bbox 461 2675 1676 2772; baseline 0.002 -22"><span class='ocrx_word' id='word_1_184' title='bbox 461 2693 657 2766; x_wconf 85' lang='lat' dir='ltr'><strong>promotum</strong></span> <span class='ocrx_word' id='word_1_185' title='bbox 690 2677 834 2772; x_wconf 84' lang='lat' dir='ltr'><strong>gaudeo.</strong></span> <span class='ocrx_word' id='word_1_186' title='bbox 891 2677 1195 2753; x_wconf 88' lang='lat' dir='ltr'><strong>Commendatione</strong></span> <span class='ocrx_word' id='word_1_187' title='bbox 1217 2695 1329 2752; x_wconf 90' lang='lat' dir='ltr'><strong>autem</strong></span> <span class='ocrx_word' id='word_1_188' title='bbox 1359 2675 1513 2750; x_wconf 85' lang='lat' dir='ltr'><strong>Molioaei</strong></span> <span class='ocrx_word' id='word_1_189' title='bbox 1544 2677 1580 2750; x_wconf 90' lang='lat' dir='ltr'><strong>id</strong></span> <span class='ocrx_word' id='word_1_190' title='bbox 1611 2675 1676 2752; x_wconf 81' lang='lat' dir='ltr'><strong>esse</strong></span> 
     </span>
     <span class='ocr_line' id='line_1_24' title="bbox 460 2769 1675 2869; baseline 0.002 -25"><span class='ocrx_word' id='word_1_191' title='bbox 460 2769 618 2862; x_wconf 78' lang='lat' dir='ltr'><strong>fastum,</strong></span> <span class='ocrx_word' id='word_1_192' title='bbox 635 2775 768 2865; x_wconf 71' lang='lat' dir='ltr'><strong>miror,</strong></span> <span class='ocrx_word' id='word_1_193' title='bbox 782 2797 860 2853; x_wconf 84' lang='lat' dir='ltr'><strong>nam</strong></span> <span class='ocrx_word' id='word_1_194' title='bbox 884 2776 956 2850; x_wconf 85' lang='lat' dir='ltr'><strong>vidi</strong></span> <span class='ocrx_word' id='word_1_195' title='bbox 977 2791 1111 2869; x_wconf 86' lang='lat' dir='ltr'><strong>tempus</strong></span> <span class='ocrx_word' id='word_1_196' title='bbox 1134 2796 1206 2868; x_wconf 93' lang='lat' dir='ltr'><strong>quo</strong></span> <span class='ocrx_word' id='word_1_197' title='bbox 1228 2777 1316 2848; x_wconf 86' lang='lat' dir='ltr'><strong>inter</strong></span> <span class='ocrx_word' id='word_1_198' title='bbox 1330 2772 1427 2866; x_wconf 82' lang='lat' dir='ltr'><strong>&#39;ipsos</strong></span> <span class='ocrx_word' id='word_1_199' title='bbox 1452 2793 1523 2847; x_wconf 88' lang='lat' dir='ltr'><strong>noo</strong></span> <span class='ocrx_word' id='word_1_200' title='bbox 1543 2771 1675 2866; x_wconf 69' lang='lat' dir='ltr'><strong>optimo</strong></span> 
     </span>
     <span class='ocr_line' id='line_1_25' title="bbox 462 2866 1674 2964; baseline 0.002 -26"><span class='ocrx_word' id='word_1_201' title='bbox 462 2873 673 2947; x_wconf 89' lang='lat' dir='ltr'><strong>conveniret.</strong></span> <span class='ocrx_word' id='word_1_202' title='bbox 705 2873 775 2946; x_wconf 88' lang='lat' dir='ltr'><strong>Sed</strong></span> <span class='ocrx_word' id='word_1_203' title='bbox 789 2869 950 2964; x_wconf 79' lang='lat' dir='ltr'><strong>eiusmodi</strong></span> <span class='ocrx_word' id='word_1_204' title='bbox 971 2893 1023 2946; x_wconf 84' lang='lat' dir='ltr'><strong>rer</strong></span> <span class='ocrx_word' id='word_1_205' title='bbox 1044 2871 1309 2946; x_wconf 85' lang='lat' dir='ltr'><strong>commuratione</strong></span> <span class='ocrx_word' id='word_1_206' title='bbox 1329 2885 1519 2962; x_wconf 88' lang='lat' dir='ltr'><strong>temporum</strong></span> <span class='ocrx_word' id='word_1_207' title='bbox 1542 2869 1578 2940; x_wconf 78' lang='lat' dir='ltr'><strong>dt</strong></span> <span class='ocrx_word' id='word_1_208' title='bbox 1592 2866 1674 2959; x_wconf 78' lang='lat' dir='ltr'><strong>ipso</strong></span> 
     </span>
     <span class='ocr_line' id='line_1_26' title="bbox 460 2983 1671 3158; baseline -0.002 -23"><span class='ocrx_word' id='word_1_209' title='bbox 460 2983 732 3139; x_wconf 49' lang='lat' dir='ltr'><strong>cmfflffiaem</strong></span> <span class='ocrx_word' id='word_1_210' title='bbox 752 3063 866 3140; x_wconf 86' lang='lat' dir='ltr'><strong>vestro</strong></span> <span class='ocrx_word' id='word_1_211' title='bbox 882 3063 1083 3139; x_wconf 86' lang='lat' dir='ltr'><strong>Louanienfi</strong></span> <span class='ocrx_word' id='word_1_212' title='bbox 1103 3062 1197 3157; x_wconf 86' lang='lat' dir='ltr'><strong>supra</strong></span> <span class='ocrx_word' id='word_1_213' title='bbox 1211 3067 1315 3158; x_wconf 79' lang='lat' dir='ltr'><strong>quam</strong></span> <span class='ocrx_word' id='word_1_214' title='bbox 1333 3061 1400 3136; x_wconf 89' lang='lat' dir='ltr'><strong>dici</strong></span> <span class='ocrx_word' id='word_1_215' title='bbox 1426 3059 1521 3156; x_wconf 80' lang='lat' dir='ltr'><strong>poffit</strong></span> <span class='ocrx_word' id='word_1_216' title='bbox 1536 3059 1671 3155; x_wconf 81' lang='lat' dir='ltr'><strong>gavisus</strong></span> 
     </span>
     <span class='ocr_line' id='line_1_27' title="bbox 458 3155 1671 3254; baseline 0.005 -27"><span class='ocrx_word' id='word_1_217' title='bbox 458 3155 542 3228; x_wconf 83' lang='lat' dir='ltr'><strong>sitm.</strong></span> <span class='ocrx_word' id='word_1_218' title='bbox 589 3159 635 3230; x_wconf 89' lang='lat' dir='ltr'><strong>Et</strong></span> <span class='ocrx_word' id='word_1_219' title='bbox 651 3161 767 3235; x_wconf 83' lang='lat' dir='ltr'><strong>honor</strong></span> <span class='ocrx_word' id='word_1_220' title='bbox 782 3163 883 3254; x_wconf 72' lang='lat' dir='ltr'><strong>pune</strong></span> <span class='ocrx_word' id='word_1_221' title='bbox 897 3177 936 3233; x_wconf 90' lang='lat' dir='ltr'><strong>ut</strong></span> <span class='ocrx_word' id='word_1_222' title='bbox 962 3161 1102 3254; x_wconf 51' lang='lat' dir='ltr'><strong>Amplitt</strong></span> <span class='ocrx_word' id='word_1_223' title='bbox 1127 3157 1233 3233; x_wconf 84' lang='lat' dir='ltr'><strong>vestra</strong></span> <span class='ocrx_word' id='word_1_224' title='bbox 1261 3177 1410 3252; x_wconf 82' lang='lat' dir='ltr'><strong>urgeat,</strong></span> <span class='ocrx_word' id='word_1_225' title='bbox 1442 3179 1506 3231; x_wconf 88' lang='lat' dir='ltr'><strong>nec</strong></span> <span class='ocrx_word' id='word_1_226' title='bbox 1532 3160 1671 3233; x_wconf 75' lang='lat' dir='ltr'><strong>omittat</strong></span> 
     </span>
    </p>
   </div>
   <div class='ocr_carea' id='block_1_8' title="bbox 338 3249 1672 3350">
    <p class='ocr_par' dir='ltr' id='par_1_12' title="bbox 338 3249 1672 3350">
     <span class='ocr_line' id='line_1_28' title="bbox 338 3249 1672 3350; baseline -0.005 -18"><span class='ocrx_word' id='word_1_227' title='bbox 338 3327 340 3332; x_wconf 81' lang='grc'>,</span> <span class='ocrx_word' id='word_1_228' title='bbox 456 3249 551 3345; x_wconf 80' lang='lat' dir='ltr'><strong>Regi</strong></span> <span class='ocrx_word' id='word_1_229' title='bbox 567 3269 680 3328; x_wconf 89' lang='lat' dir='ltr'><strong>autem</strong></span> <span class='ocrx_word' id='word_1_230' title='bbox 699 3277 770 3331; x_wconf 87' lang='lat' dir='ltr'><strong>non</strong></span> <span class='ocrx_word' id='word_1_231' title='bbox 794 3255 887 3328; x_wconf 90' lang='lat' dir='ltr'><strong>volui</strong></span> <span class='ocrx_word' id='word_1_232' title='bbox 908 3257 1093 3350; x_wconf 82' lang='lat' dir='ltr'><strong>quidquam</strong></span> <span class='ocrx_word' id='word_1_233' title='bbox 1110 3275 1150 3326; x_wconf 88' lang='lat' dir='ltr'><strong>ca</strong></span> <span class='ocrx_word' id='word_1_234' title='bbox 1178 3255 1221 3328; x_wconf 92' lang='lat' dir='ltr'><strong>de</strong></span> <span class='ocrx_word' id='word_1_235' title='bbox 1237 3275 1276 3329; x_wconf 88' lang='lat' dir='ltr'><strong>re</strong></span> <span class='ocrx_word' id='word_1_236' title='bbox 1298 3257 1442 3343; x_wconf 87' lang='lat' dir='ltr'><strong>dicere,</strong></span> <span class='ocrx_word' id='word_1_237' title='bbox 1467 3254 1526 3328; x_wconf 87' lang='lat' dir='ltr'><strong>nisi</strong></span> <span class='ocrx_word' id='word_1_238' title='bbox 1545 3273 1672 3348; x_wconf 72' lang='lat' dir='ltr'><strong>prapa-</strong></span> 
     </span>
    </p>
   </div>
   <div class='ocr_carea' id='block_1_9' title="bbox 455 3350 1672 3634">
    <p class='ocr_par' dir='ltr' id='par_1_13' title="bbox 455 3350 1672 3634">
     <span class='ocr_line' id='line_1_29' title="bbox 456 3350 1672 3442; baseline 0.003 -24"><span class='ocrx_word' id='word_1_239' title='bbox 456 3361 525 3418; x_wconf 81' lang='lat' dir='ltr'><strong>tata</strong></span> <span class='ocrx_word' id='word_1_240' title='bbox 551 3350 753 3439; x_wconf 79' lang='lat' dir='ltr'><strong>occasione,</strong></span> <span class='ocrx_word' id='word_1_241' title='bbox 775 3353 843 3442; x_wconf 77' lang='lat' dir='ltr'><strong>qua</strong></span> <span class='ocrx_word' id='word_1_242' title='bbox 869 3351 957 3424; x_wconf 82' lang='lat' dir='ltr'><strong>solut</strong></span> <span class='ocrx_word' id='word_1_243' title='bbox 982 3351 1082 3424; x_wconf 87' lang='lat' dir='ltr'><strong>illum·</strong></span> <span class='ocrx_word' id='word_1_244' title='bbox 1102 3351 1251 3438; x_wconf 70' lang='lat' dir='ltr'><strong>adeam,</strong></span> <span class='ocrx_word' id='word_1_245' title='bbox 1299 3354 1368 3426; x_wconf 92' lang='lat' dir='ltr'><strong>uod</strong></span> <span class='ocrx_word' id='word_1_246' title='bbox 1393 3351 1460 3424; x_wconf 91' lang='lat' dir='ltr'><strong>hoc</strong></span> <span class='ocrx_word' id='word_1_247' title='bbox 1481 3350 1587 3423; x_wconf 92' lang='lat' dir='ltr'><strong>biduo</strong></span> <span class='ocrx_word' id='word_1_248' title='bbox 1614 3363 1672 3425; x_wconf 84' lang='lat' dir='ltr'><strong>aut</strong></span> 
     </span>
     <span class='ocr_line' id='line_1_30' title="bbox 456 3439 1671 3536; baseline 0.004 -23"><span class='ocrx_word' id='word_1_249' title='bbox 456 3439 599 3531; x_wconf 87' lang='lat' dir='ltr'><strong>triduo,</strong></span> <span class='ocrx_word' id='word_1_250' title='bbox 623 3445 704 3518; x_wconf 88' lang='lat' dir='ltr'><strong>Deo</strong></span> <span class='ocrx_word' id='word_1_251' title='bbox 717 3446 924 3536; x_wconf 82' lang='lat' dir='ltr'><strong>approbante</strong></span> <span class='ocrx_word' id='word_1_252' title='bbox 940 3496 957 3534; x_wconf 88' lang='lat'><strong>,</strong></span> <span class='ocrx_word' id='word_1_253' title='bbox 973 3441 1125 3518; x_wconf 80' lang='lat' dir='ltr'><strong>suturam</strong></span> <span class='ocrx_word' id='word_1_254' title='bbox 1152 3443 1213 3518; x_wconf 90' lang='lat' dir='ltr'><strong>est.</strong></span> <span class='ocrx_word' id='word_1_255' title='bbox 1298 3467 1352 3519; x_wconf 89' lang='lat' dir='ltr'><strong>am</strong></span> <span class='ocrx_word' id='word_1_256' title='bbox 1385 3461 1567 3536; x_wconf 81' lang='lat' dir='ltr'><strong>antequam</strong></span> <span class='ocrx_word' id='word_1_257' title='bbox 1592 3445 1671 3520; x_wconf 88' lang='lat' dir='ltr'><strong>hinc</strong></span> 
     </span>
     <span class='ocr_line' id='line_1_31' title="bbox 455 3538 1670 3634; baseline 0.002 -22"><span class='ocrx_word' id='word_1_258' title='bbox 455 3559 677 3630; x_wconf 85' lang='lat' dir='ltr'><strong>moveamus,</strong></span> <span class='ocrx_word' id='word_1_259' title='bbox 694 3539 953 3615; x_wconf 85' lang='lat' dir='ltr'><strong>Univetfitatem</strong></span> <span class='ocrx_word' id='word_1_260' title='bbox 966 3538 1266 3634; x_wconf 79' lang='lat' dir='ltr'><strong>complutensem,</strong></span> <span class='ocrx_word' id='word_1_261' title='bbox 1283 3542 1321 3614; x_wconf 85' lang='lat' dir='ltr'><strong>dc</strong></span> <span class='ocrx_word' id='word_1_262' title='bbox 1338 3543 1527 3631; x_wconf 88' lang='lat' dir='ltr'><strong>Toletum,</strong></span> <span class='ocrx_word' id='word_1_263' title='bbox 1543 3541 1670 3634; x_wconf 85' lang='lat' dir='ltr'><strong>aliaque</strong></span> 
     </span>
    </p>
   </div>
   <div class='ocr_carea' id='block_1_10' title="bbox 455 3637 1787 3733">
    <p class='ocr_par' dir='ltr' id='par_1_14' title="bbox 455 3637 1787 3733">
     <span class='ocr_line' id='line_1_32' title="bbox 455 3637 1787 3733; baseline 0.003 -23"><span class='ocrx_word' id='word_1_264' title='bbox 455 3639 617 3712; x_wconf 87' lang='lat' dir='ltr'><strong>nonnulla</strong></span> <span class='ocrx_word' id='word_1_265' title='bbox 635 3639 709 3712; x_wconf 89' lang='lat' dir='ltr'><strong>loca</strong></span> <span class='ocrx_word' id='word_1_266' title='bbox 723 3637 927 3733; x_wconf 76' lang='lat' dir='ltr'><strong>infigniotu,</strong></span> <span class='ocrx_word' id='word_1_267' title='bbox 947 3637 1006 3709; x_wconf 91' lang='lat' dir='ltr'><strong>ubi</strong></span> <span class='ocrx_word' id='word_1_268' title='bbox 1023 3637 1060 3710; x_wconf 81' lang='lat' dir='ltr'><strong>dc</strong></span> <span class='ocrx_word' id='word_1_269' title='bbox 1080 3637 1205 3714; x_wconf 82' lang='lat' dir='ltr'><strong>amicos</strong></span> <span class='ocrx_word' id='word_1_270' title='bbox 1232 3639 1344 3726; x_wconf 84' lang='lat' dir='ltr'><strong>habeo</strong></span> <span class='ocrx_word' id='word_1_271' title='bbox 1359 3691 1374 3730; x_wconf 92' lang='lat'><strong>,</strong></span> <span class='ocrx_word' id='word_1_272' title='bbox 1391 3639 1509 3715; x_wconf 86' lang='lat' dir='ltr'><strong>videre</strong></span> <span class='ocrx_word' id='word_1_273' title='bbox 1539 3639 1642 3732; x_wconf 86' lang='lat' dir='ltr'><strong>cupio</strong></span> <span class='ocrx_word' id='word_1_274' title='bbox 1652 3657 1669 3727; x_wconf 62' lang='grc' dir='ltr'>ι</span> <span class='ocrx_word' id='word_1_275' title='bbox 1782 3673 1787 3680; x_wconf 92' lang='lat'>·</span> 
     </span>
    </p>
   </div>
   <div class='ocr_carea' id='block_1_11' title="bbox 451 3732 1667 4402">
    <p class='ocr_par' dir='ltr' id='par_1_15' title="bbox 454 3732 1123 3830">
     <span class='ocr_line' id='line_1_33' title="bbox 454 3732 1123 3830; baseline 0.004 -23"><span class='ocrx_word' id='word_1_276' title='bbox 454 3753 522 3826; x_wconf 86' lang='lat' dir='ltr'><strong>qua</strong></span> <span class='ocrx_word' id='word_1_277' title='bbox 541 3734 585 3810; x_wconf 89' lang='lat' dir='ltr'><strong>de</strong></span> <span class='ocrx_word' id='word_1_278' title='bbox 604 3757 640 3810; x_wconf 91' lang='lat' dir='ltr'><strong>re</strong></span> <span class='ocrx_word' id='word_1_279' title='bbox 657 3736 755 3810; x_wconf 88' lang='lat' dir='ltr'><strong>suam</strong></span> <span class='ocrx_word' id='word_1_280' title='bbox 772 3732 983 3830; x_wconf 74' lang='lat' dir='ltr'><strong>Niciestatem</strong></span> <span class='ocrx_word' id='word_1_281' title='bbox 1012 3733 1123 3809; x_wconf 90' lang='lat' dir='ltr'><strong>adibo.</strong></span> 
     </span>
    </p>

    <p class='ocr_par' dir='ltr' id='par_1_16' title="bbox 451 3827 1667 4402">
     <span class='ocr_line' id='line_1_34' title="bbox 500 3827 1667 3937; baseline -0.003 -33"><span class='ocrx_word' id='word_1_282' title='bbox 500 3831 751 3928; x_wconf 87' lang='lat' dir='ltr'><strong>Groningenses</strong></span> <span class='ocrx_word' id='word_1_283' title='bbox 768 3833 805 3904; x_wconf 90' lang='lat' dir='ltr'><strong>in</strong></span> <span class='ocrx_word' id='word_1_284' title='bbox 820 3834 910 3906; x_wconf 90' lang='lat' dir='ltr'><strong>viam</strong></span> <span class='ocrx_word' id='word_1_285' title='bbox 925 3828 1084 3904; x_wconf 76' lang='lat' dir='ltr'><strong>reductos</strong></span> <span class='ocrx_word' id='word_1_286' title='bbox 1097 3833 1199 3907; x_wconf 82' lang='lat' dir='ltr'><strong>laetor.</strong></span> <span class='ocrx_word' id='word_1_287' title='bbox 1245 3830 1356 3906; x_wconf 84' lang='lat' dir='ltr'><strong>Etest</strong></span> <span class='ocrx_word' id='word_1_288' title='bbox 1380 3831 1442 3906; x_wconf 89' lang='lat' dir='ltr'><strong>hic.</strong></span> <span class='ocrx_word' id='word_1_289' title='bbox 1462 3831 1569 3926; x_wconf 75' lang='lat' dir='ltr'><strong>llugo</strong></span> <span class='ocrx_word' id='word_1_290' title='bbox 1587 3827 1667 3937; x_wconf 71' lang='lat' dir='ltr'><strong>Hel3</strong></span> 
     </span>
     <span class='ocr_line' id='line_1_35' title="bbox 453 3925 1665 4022; baseline -0.002 -26"><span class='ocrx_word' id='word_1_291' title='bbox 453 3925 520 3996; x_wconf 88' lang='lat' dir='ltr'><strong>tius</strong></span> <span class='ocrx_word' id='word_1_292' title='bbox 539 3928 808 4022; x_wconf 68' lang='lat' dir='ltr'><strong>Groningenstsr</strong></span> <span class='ocrx_word' id='word_1_293' title='bbox 830 3929 939 4002; x_wconf 89' lang='lat' dir='ltr'><strong>homo</strong></span> <span class='ocrx_word' id='word_1_294' title='bbox 952 3925 1105 4017; x_wconf 71' lang='lat' dir='ltr'><strong>uoltus,</strong></span> <span class='ocrx_word' id='word_1_295' title='bbox 1130 3928 1227 4001; x_wconf 90' lang='lat' dir='ltr'><strong>domi</strong></span> <span class='ocrx_word' id='word_1_296' title='bbox 1248 3929 1345 4001; x_wconf 86' lang='lat' dir='ltr'><strong>dives</strong></span> <span class='ocrx_word' id='word_1_297' title='bbox 1367 3948 1408 4000; x_wconf 85' lang='lat' dir='ltr'><strong>ac</strong></span> <span class='ocrx_word' id='word_1_298' title='bbox 1438 3927 1585 4012; x_wconf 83' lang='lat' dir='ltr'><strong>nobilis3</strong></span> <span class='ocrx_word' id='word_1_299' title='bbox 1607 3943 1665 4015; x_wconf 89' lang='lat' dir='ltr'><strong>qru</strong></span> 
     </span>
     <span class='ocr_line' id='line_1_36' title="bbox 452 4017 1667 4116; baseline 0.002 -29"><span class='ocrx_word' id='word_1_300' title='bbox 452 4017 529 4108; x_wconf 89' lang='lat' dir='ltr'><strong>post</strong></span> <span class='ocrx_word' id='word_1_301' title='bbox 547 4023 664 4111; x_wconf 83' lang='lat' dir='ltr'><strong>viginti</strong></span> <span class='ocrx_word' id='word_1_302' title='bbox 689 4023 837 4096; x_wconf 87' lang='lat' dir='ltr'><strong>duorum</strong></span> <span class='ocrx_word' id='word_1_303' title='bbox 861 4023 939 4115; x_wconf 83' lang='lat' dir='ltr'><strong>plus</strong></span> <span class='ocrx_word' id='word_1_304' title='bbox 965 4024 1077 4094; x_wconf 83' lang='lat' dir='ltr'><strong>minus</strong></span> <span class='ocrx_word' id='word_1_305' title='bbox 1100 4041 1265 4096; x_wconf 89' lang='lat' dir='ltr'><strong>annorum</strong></span> <span class='ocrx_word' id='word_1_306' title='bbox 1291 4025 1350 4100; x_wconf 87' lang='lat' dir='ltr'><strong>hic</strong></span> <span class='ocrx_word' id='word_1_307' title='bbox 1374 4023 1468 4116; x_wconf 91' lang='lat' dir='ltr'><strong>apud</strong></span> <span class='ocrx_word' id='word_1_308' title='bbox 1501 4021 1667 4113; x_wconf 82' lang='lat' dir='ltr'><strong>Hispanos</strong></span> 
     </span>
     <span class='ocr_line' id='line_1_37' title="bbox 453 4113 1667 4210; baseline -0.001 -23"><span class='ocrx_word' id='word_1_309' title='bbox 453 4113 675 4187; x_wconf 87' lang='lat' dir='ltr'><strong>voluntarium</strong></span> <span class='ocrx_word' id='word_1_310' title='bbox 699 4115 868 4204; x_wconf 83' lang='lat' dir='ltr'><strong>exilium,</strong></span> <span class='ocrx_word' id='word_1_311' title='bbox 888 4113 1064 4206; x_wconf 88' lang='lat' dir='ltr'><strong>postquam</strong></span> <span class='ocrx_word' id='word_1_312' title='bbox 1087 4117 1227 4209; x_wconf 89' lang='lat' dir='ltr'><strong>Amplit.</strong></span> <span class='ocrx_word' id='word_1_313' title='bbox 1250 4119 1391 4191; x_wconf 87' lang='lat' dir='ltr'><strong>vestram</strong></span> <span class='ocrx_word' id='word_1_314' title='bbox 1411 4119 1580 4210; x_wconf 87' lang='lat' dir='ltr'><strong>cognovit</strong></span> <span class='ocrx_word' id='word_1_315' title='bbox 1601 4114 1667 4186; x_wconf 80' lang='lat' dir='ltr'><strong>Lo·</strong></span> 
     </span>
     <span class='ocr_line' id='line_1_38' title="bbox 451 4205 1667 4306; baseline -0.002 -21"><span class='ocrx_word' id='word_1_316' title='bbox 451 4206 540 4285; x_wconf 83' lang='lat' dir='ltr'><strong>uanii</strong></span> <span class='ocrx_word' id='word_1_317' title='bbox 558 4205 699 4279; x_wconf 91' lang='lat' dir='ltr'><strong>domum</strong></span> <span class='ocrx_word' id='word_1_318' title='bbox 724 4207 871 4302; x_wconf 79' lang='lat' dir='ltr'><strong>emisse(</strong></span> <span class='ocrx_word' id='word_1_319' title='bbox 893 4227 970 4278; x_wconf 88' lang='lat' dir='ltr'><strong>nam</strong></span> <span class='ocrx_word' id='word_1_320' title='bbox 1005 4225 1084 4282; x_wconf 90' lang='lat' dir='ltr'><strong>utor</strong></span> <span class='ocrx_word' id='word_1_321' title='bbox 1103 4230 1146 4282; x_wconf 89' lang='lat' dir='ltr'><strong>eo</strong></span> <span class='ocrx_word' id='word_1_322' title='bbox 1171 4211 1405 4306; x_wconf 73' lang='lat' dir='ltr'><strong>familiarium)</strong></span> <span class='ocrx_word' id='word_1_323' title='bbox 1431 4215 1531 4306; x_wconf 78' lang='lat' dir='ltr'><strong>plant</strong></span> <span class='ocrx_word' id='word_1_324' title='bbox 1560 4209 1667 4286; x_wconf 84' lang='lat' dir='ltr'><strong>statttit</strong></span> 
     </span>
     <span class='ocr_line' id='line_1_39' title="bbox 451 4301 1664 4402; baseline -0.003 -22"><span class='ocrx_word' id='word_1_325' title='bbox 451 4305 590 4392; x_wconf 80' lang='lat' dir='ltr'><strong>redire3</strong></span> <span class='ocrx_word' id='word_1_326' title='bbox 613 4301 650 4375; x_wconf 81' lang='lat' dir='ltr'><strong>dt</strong></span> <span class='ocrx_word' id='word_1_327' title='bbox 669 4301 809 4377; x_wconf 86' lang='lat' dir='ltr'><strong>Louanii</strong></span> <span class='ocrx_word' id='word_1_328' title='bbox 830 4354 843 4390; x_wconf 92' lang='lat'><strong>,</strong></span> <span class='ocrx_word' id='word_1_329' title='bbox 870 4302 930 4376; x_wconf 91' lang='lat' dir='ltr'><strong>ubi</strong></span> <span class='ocrx_word' id='word_1_330' title='bbox 952 4306 1047 4377; x_wconf 83' lang='lat' dir='ltr'><strong>annis</strong></span> <span class='ocrx_word' id='word_1_331' title='bbox 1062 4306 1145 4380; x_wconf 78' lang='lat' dir='ltr'><strong>vixit</strong></span> <span class='ocrx_word' id='word_1_332' title='bbox 1161 4313 1268 4401; x_wconf 73' lang='lat' dir='ltr'><strong>propt</strong></span> <span class='ocrx_word' id='word_1_333' title='bbox 1284 4309 1402 4402; x_wconf 84' lang='lat' dir='ltr'><strong>viginti</strong></span> <span class='ocrx_word' id='word_1_334' title='bbox 1422 4363 1435 4398; x_wconf 92' lang='lat'><strong>‚</strong></span> <span class='ocrx_word' id='word_1_335' title='bbox 1458 4307 1584 4383; x_wconf 86' lang='lat' dir='ltr'><strong>sedem.</strong></span> <span class='ocrx_word' id='word_1_336' title='bbox 1598 4306 1664 4378; x_wconf 91' lang='lat' dir='ltr'><strong>col-</strong></span> 
     </span>
    </p>
   </div>
   <div class='ocr_carea' id='block_1_12' title="bbox 204 4347 1667 4523">
    <p class='ocr_par' dir='ltr' id='par_1_17' title="bbox 204 4347 1667 4523">
     <span class='ocr_line' id='line_1_40' title="bbox 204 4347 1667 4523; baseline -0.001 -49"><span class='ocrx_word' id='word_1_337' title='bbox 204 4347 210 4362; x_wconf 35' lang='lat'><strong>·</strong></span> <span class='ocrx_word' id='word_1_338' title='bbox 298 4511 302 4522; x_wconf 29' lang='grc' dir='ltr'>Ι</span> <span class='ocrx_word' id='word_1_339' title='bbox 448 4403 560 4523; x_wconf 82' lang='lat' dir='ltr'><strong>locate</strong></span> <span class='ocrx_word' id='word_1_340' title='bbox 577 4451 592 4489; x_wconf 83' lang='lat'><strong>,</strong></span> <span class='ocrx_word' id='word_1_341' title='bbox 612 4399 650 4472; x_wconf 80' lang='lat' dir='ltr'><strong>dt</strong></span> <span class='ocrx_word' id='word_1_342' title='bbox 664 4397 699 4472; x_wconf 93' lang='lat' dir='ltr'><strong>se</strong></span> <span class='ocrx_word' id='word_1_343' title='bbox 724 4397 863 4493; x_wconf 63' lang='lat' dir='ltr'><strong>Amplit,</strong></span> <span class='ocrx_word' id='word_1_344' title='bbox 889 4396 1009 4472; x_wconf 81' lang='lat' dir='ltr'><strong>uestra</strong></span> <span class='ocrx_word' id='word_1_345' title='bbox 1021 4400 1057 4474; x_wconf 91' lang='lat' dir='ltr'><strong>in</strong></span> <span class='ocrx_word' id='word_1_346' title='bbox 1074 4403 1260 4478; x_wconf 82' lang='lat' dir='ltr'><strong>clientelam</strong></span> <span class='ocrx_word' id='word_1_347' title='bbox 1291 4403 1449 4496; x_wconf 86' lang='lat' dir='ltr'><strong>dedere,</strong></span> <span class='ocrx_word' id='word_1_348' title='bbox 1475 4405 1512 4478; x_wconf 79' lang='lat' dir='ltr'><strong>dc</strong></span> <span class='ocrx_word' id='word_1_349' title='bbox 1532 4423 1576 4476; x_wconf 84' lang='lat' dir='ltr'><strong>ex</strong></span> <span class='ocrx_word' id='word_1_350' title='bbox 1602 4403 1667 4474; x_wconf 72' lang='lat' dir='ltr'><strong>bo</strong></span> 
     </span>
    </p>
   </div>
   <div class='ocr_carea' id='block_1_13' title="bbox 0 0 1878 5142">
    <p class='ocr_par' dir='ltr' id='par_1_18' title="bbox 0 0 1878 5142">
     <span class='ocr_line' id='line_1_41' title="bbox 0 0 1878 5142; baseline 0 9"><span class='ocrx_word' id='word_1_351' title='bbox 0 0 1878 5142; x_wconf 95' lang='lat' dir='ltr'><strong> </strong></span> 
     </span>
    </p>
   </div>
  </div>
 </body>
</html>
