3746 5142
346 551 349 559 -
498 517 574 603 ωε
613 510 940 625 ΙῙοΑοΗῙΜῙ
969 503 1242 594 moremur
1267 509 1597 596 nursronm

493 647 557 748 hac
577 667 748 742 occasione
771 682 838 738 tam
863 667 970 756 ampla
994 664 1081 736 male
1105 663 1216 754 usus,-
1241 664 1355 739 sed&
1377 663 1555 738 adversum
1587 665 1711 742 Deum

490 767 639 858 ingratus
665 760 762 835 soille
781 763 965 849 videatur,
988 759 1025 832 dr
1045 757 1237 832 novillrrnus
1258 781 1348 833 error
1374 760 1429 831 fiat
1446 759 1543 850 pejor
1562 760 1685 850 priore.

541 859 636 929 Cum
655 859 779 948 quibus
799 857 903 950 copiis
929 854 1081 928 eundum
1099 853 1187 946 Regi
1202 857 1271 942 srt,
1293 857 1479 928 communis
1502 856 1654 930 omnium
1671 859 1708 932 in

490 953 616 1030 Senatu
638 953 705 1024 fuit
727 953 920 1038 sententia,
941 953 991 1023 uti
1017 950 1146 1040 magnis
1169 949 1231 1020 illis
1253 949 1334 1022 nihil
1360 969 1447 1040 opus
1469 951 1708 1036 est,itas1ne
1759 987 1765 996 ·

490 1049 659 1139 aliquibus
673 1050 776 1122 Suam
802 1045 1009 1138 Maiestatem
1031 1047 1077 1118 ire
1100 1065 1171 1118 non
1194 1044 1315 1138 polle:
1338 1061 1411 1118 tum
1434 1043 1569 1134 quidem
1580 1048 1632 1118 ob
1655 1064 1707 1122 tu·

449 1227 454 1236 ¹
491 1145 595 1219 telam
629 1144 814 1236 corporis,
844 1159 918 1216 tum
946 1145 1031 1216 vero
1060 1157 1196 1232 propter
1223 1157 1352 1210 metum
1374 1157 1484 1210 rerum
1512 1159 1706 1233 novarum,

492 1261 571 1334 quae
588 1257 680 1313 tanto
698 1240 882 1328 incendio,
904 1255 1068 1331 quantum
1089 1235 1274 1308 conflatum
1296 1253 1395 1321 erat,
1417 1253 1616 1326 quamquam
1634 1259 1707 1310 nou

492 1335 759 1425 nilrilrepreffo,
794 1357 865 1407 non
896 1349 1005 1406 tamen
1029 1330 1223 1413 extincto,
1256 1327 1352 1399 facile
1381 1327 1518 1400 suboriri
1546 1329 1704 1420 pollent:

494 1428 532 1537 dc
554 1445 594 1500 ut
611 1431 645 1500 in
661 1429 852 1518 Republica
871 1424 1057 1498 ordinanda
1072 1425 1167 1514 leges
1182 1421 1260 1491 dare
1279 1420 1378 1511 poffit
1393 1473 1406 1510 ,
1428 1443 1500 1496 non
1527 1443 1638 1498 autem
1653 1447 1707 1500 ac-

493 1537 858 1724 flplgirgefrgffrantruuolhis
872 1612 1064 1708 hominibus
1080 1613 1144 1682 elle
1167 1613 1307 1684 omnino
1329 1612 1436 1686 visum
1455 1615 1534 1723 esi,
1561 1617 1634 1690 solis
1647 1637 1709 1690 au-

492 1705 1710 1895 tltstultitiarumlt⁰tullffi⁰⁵rltl⁶ltl‘t

493 1899 592 1972 mites
614 1897 744 1970 nostros
763 1895 928 1970 -inducere
950 1897 1076 1987 placuit
1094 1915 1108 1983 ς
1128 1896 1173 1968 ita
1197 1917 1262 1989 pro
1291 1898 1478 1972 necessrtate
1498 1952 1511 1988 ,
1532 1923 1611 1994 quae
1625 1925 1709 1976 exo-

492 1991 547 2065 rr'ri
572 1992 697 2084 poffit,
716 1989 759 2062 ad
787 2011 924 2064 manum
947 1992 1091 2083 aliquem
1106 1990 1226 2064 habere
1245 2043 1259 2078 ,
1281 1994 1394 2066 cuncti
1411 1994 1618 2070 censuerunt
1667 1997 1713 2072 ld

344 2175 348 2180 ¹
494 2088 703 2180 staliquious
727 2091 815 2178 aegrd
834 2083 915 2174 est,
937 2083 974 2156 dr
998 2107 1068 2158 non
1088 2083 1160 2158 satis
1177 2086 1237 2160 sibi
1251 2086 1330 2158 fidei
1350 2087 1494 2177 haberi,
1516 2089 1714 2182 jugumque

493 2180 713 2273 Hispanicum
731 2179 836 2273 parari
853 2197 1121 2271 conqueruntur,
1137 2201 1190 2252 ua
1206 2179 1316 2270 injurii
1328 2183 1389 2272 ipfi
1404 2203 1481 2274 erga
1498 2183 1633 2274 Regem
1657 2189 1714 2260 vi-

495 2277 628 2351 dentur.
683 2277 756 2374 Qui
777 2329 791 2366 ,
822 2295 902 2350 cum
941 2275 1002 2351 fibi
1021 2275 1115 2350 credi
1142 2276 1261 2350 volunt
1284 2325 1298 2362 ,
1334 2276 1411 2352 Sua
1449 2275 1612 2370 Maiellati
1637 2299 1709 2354 nou
1846 2279 1848 2330 ἵ

492 2373 671 2542 creitliglclt'in
689 2467 1094 2556 senam,utdico,sme
1117 2463 1381 2542 ullavmiadone
1403 2463 1707 2558 cumacinum&
1845 2539 1848 2571 4

491 2565 528 2640 in
537 2565 689 2638 eamdem
702 2561 898 2638 sententiam
919 2563 999 2638 Rex
1020 2561 1191 2634 conclusit
1215 2559 1319 2632 Extra
1336 2561 1495 2632 Semnum
1507 2579 1618 2636 autem
1634 2585 1705 2640 non
1844 2583 1847 2664 j

494 2659 577 2736 nihil
592 2660 693 2732 audio
712 2659 755 2732 ab
771 2659 934 2753 aliquibus
950 2655 1113 2733 variatum
1128 2679 1143 2746 3
1157 2657 1226 2732 five
1247 2671 1288 2730 ,ut
1309 2653 1504 2749 quibusdam
1518 2659 1705 2751 placerent,
1846 2667 1847 2736 l

494 2753 564 2827 five
580 2756 660 2828 odio
681 2754 835 2830 aliorum.
1015 2807 1018 2819 .

524 2849 638 2948 Quod
665 2871 728 2945 per
749 2869 844 2924 nous
870 2849 1020 2924 Domina
1051 2848 1186 2922 Ducilsa
1211 2846 1466 2942 perscripserat,
1484 2847 1542 2936 dc,
1566 2861 1606 2920 ut
1625 2849 1705 2923 miri

494 2945 703 3038 peculiariter
717 2964 804 3018 cura
831 2945 935 3034 esset,
952 2965 1072 3038 magna
1093 2965 1170 3016 cum
1192 2941 1414 3017 sollicitudine
1431 2943 1702 3032 mandarat,8ua

493 3039 650 3133 Maiellas
667 3060 706 3112 ea
724 3041 768 3113 de
790 3063 827 3112 re
853 3041 890 3112 in
913 3042 1039 3112 Senatu
1059 3040 1142 3113 nihil
1163 3059 1310 3130 unquam
1333 3035 1462 3110 mean
1483 3037 1616 3125 voluit,
1636 3058 1704 3113 nec
1843 3091 1845 3108 ,

494 3133 577 3224 ipsas
598 3135 704 3207 literar
725 3136 851 3209 recitari
869 3156 883 3224 3
903 3134 962 3208 sed
984 3133 1059 3227 post
1081 3155 1152 3206 rem
1174 3136 1265 3227 apud
1285 3135 1317 3206 se
1338 3133 1384 3205 ad
1411 3133 1539 3224 aliquot
1557 3132 1628 3204 dies
1647 3153 1705 3208 co-

493 3227 655 3320 gitatam,
678 3228 767 3302 suant
789 3230 886 3304 nobis
909 3231 1118 3302 voluntatem
1145 3249 1206 3320 per
1228 3231 1336 3302 literas
1358 3227 1568 3318 significabat.
1620 3229 1705 3323 Qua

493 3320 631 3412 quidem
656 3344 736 3395 cunr
750 3325 864 3398 durior
882 3324 979 3396 nobis
991 3323 1199 3409 ¹videretur,
1221 3345 1300 3396 cum
1329 3321 1454 3397 summa
1474 3323 1647 3418 diligentia
1668 3325 1705 3398 dt

493 3435 574 3494 cura
592 3415 882 3508 rescripsrmru,&
902 3418 962 3488 alia
978 3419 1152 3490 occasione
1171 3418 1246 3489 data
1262 3418 1649 3510 repetivimus,remque
1662 3439 1703 3492 eo

491 3510 695 3585 deduximus
722 3564 735 3602 ,
765 3509 1051 3604 quemadmodum
1078 3512 1216 3605 Amplit.
1240 3512 1409 3588 vestraex
1432 3513 1574 3604 publicis
1604 3514 1702 3590 literis

494 3607 633 3681 videbit.
666 3606 713 3681 Et
726 3607 802 3682 sane
824 3608 874 3680 est
890 3605 1072 3701 eiusmodi,
1091 3623 1130 3682 ut
1146 3609 1171 3682 sr
1186 3607 1294 3681 bonos
1313 3605 1494 3702 equosque
1512 3609 1703 3700 interpreter

492 3702 728 3792 nanciscatur,
743 3703 784 3801 ὄρ
799 3705 859 3797 qui
876 3703 1058 3798 prudenter
1076 3717 1283 3797 exequantur
1297 3707 1316 3798 (
1332 3723 1398 3796 qua
1419 3705 1463 3777 de
1480 3727 1516 3778 re
1540 3719 1703 3798 quantum

492 3801 538 3873 ad
553 3801 644 3874 suam
663 3801 904 3876 Celsrtudinem
917 3799 1058 3889 attinet,
1075 3799 1112 3874 dc
1132 3796 1276 3872 vestram
1303 3797 1599 3892 limpitudinem,
1623 3799 1706 3873 nihil

490 3897 652 3984 equidem
666 3898 824 3990 dubito)
845 3897 927 3970 nihil
944 3896 1025 3972 inde
1043 3895 1121 3970 mali
1138 3895 1331 3983 oriturum3
1352 3895 1449 3968 autli
1471 3895 1554 3988 quid
1577 3911 1704 3967 mema-

491 4001 580 4074 tur,
608 3989 704 4063 facile
726 3994 881 4064 declinari
898 3994 990 4080 polle
1006 3992 1177 4064 videatur·
1294 3993 1297 3998 '

526 4081 643 4169 Atque
666 4099 704 4154 ut
727 4104 794 4154 utra
818 4085 921 4155 dere
945 4105 1023 4158 cum
1051 4085 1191 4174 Amplit.
1215 4086 1320 4158 vestm
1333 4083 1471 4160 liberius
1495 4102 1704 4177 agamque·

491 4187 591 4246 tenus
613 4173 649 4242 in
671 4175 873 4260 biarchus,
896 4189 963 4246 tarn
977 4175 1088 4249 arduis
1109 4198 1147 4249 ac
1171 4179 1393 4270 difficilibus,
1415 4183 1564 4254 indolem
1581 4200 1621 4250 ac
1649 4197 1705 4250 na-

491 4283 603 4344 turam
622 4265 699 4340 Suae
718 4267 897 4361 Maiestatis
911 4269 1084 4345 observare
1102 4275 1199 4365 potui
1214 4325 1226 4361 ,
1239 4297 1278 4346 en
1293 4275 1364 4348 sere
1378 4275 1512 4350 videtur
1529 4271 1704 4368 eiusmodi,

493 4383 534 4450 ut
558 4378 867 4460 quantumcumque
893 4363 972 4460 pius
991 4367 1060 4464 ipsc
1081 4421 1095 4460 ‚
1116 4370 1263 4448 clemens
1285 4371 1322 4448 dt
1338 4371 1527 4453 uciturnu'r
1540 4375 1612 4458 stt,
1639 4387 1701 4440 nec

1555 4482 1705 4557 unquam
