3736 5142
1441 164 1499 200 μ

333 526 419 620 nn
435 523 681 616 nanum
697 539 753 610 nn
773 491 983 612 airon
1000 466 1357 628 zuinnnun.
1416 529 1498 656 2'05

257 685 437 762 liberalius
455 682 602 780 pecunia
619 677 684 757 illis
702 677 980 790 admmisttetum
993 685 1095 774 quim
1114 700 1272 778 oportet,
1297 715 1387 772 curu
1400 701 1501 780 habe.
1547 729 1554 744 ·

158 781 171 794 “
193 863 197 868 ,
259 785 342 874 =bo;
363 803 429 856 nec
456 779 620 867 omnino,
642 777 739 870 quod
767 777 936 869 reliquum
961 778 1010 851 est
1030 777 1121 873 apud
1144 801 1200 854 me
1222 791 1401 883 periuria,
1423 803 1501 874 mit.

255 895 365 1050 aa
380 876 455 1048 ni
470 871 1060 1062 ”linimentum
1078 879 1501 1084 illllmililll

271 1069 349 1146 fere
367 1070 412 1144 ad
434 994 510 1140 eratali
527 1065 687 1140 summam
702 1061 885 1136 ascendunt
903 1023 1048 1158 quatuo}
1064 1066 1156 1140 mille
1170 1073 1324 1170 regnes)
1340 1082 1403 1156 sint
1418 1105 1499 1164 con.
1586 1075 1589 1080 ’

257 1165 413 1259 sumpti.
459 1162 540 1235 Ne'c
559 1160 608 1232 est
624 1157 719 1252 quod
735 1158 939 1253 Amplitudo
954 1161 1062 1237 vestra
1080 1165 1206 1258 cogitet
1227 1170 1271 1244 de
1288 1191 1377 1249 nova
1393 1201 1499 1273 pecu.

241 1287 244 1295 Δ
275 1260 333 1333 nia
358 1255 545 1344 mittenda,
574 1272 755 1347 antequam
780 1275 853 1328 earn
877 1256 1110 1352 admonuer03
1132 1263 1230 1356 quod
1256 1287 1326 1345 non
1351 1270 1495 1372 facum,

275 1353 338 1431 rifi
356 1355 471 1448 justam
491 1351 625 1428 videam
642 1351 709 1424 elie
729 1350 961 1431 nereditatem.
1100 1381 1101 1385 ¹

261 1491 293 1530 2.
322 1449 433 1528 Valde
447 1447 606 1530 sollicitos
626 1467 690 1522 nos
706 1444 832 1529 habent
851 1467 912 1532 resq
923 1447 1068 1544 nostra„
1087 1455 1183 1550 quod
1207 1454 1398 1559 Principem
1416 1469 1498 1547 Mo

273 1545 342 1622 sam
369 1545 521 1620 mansisse
540 1542 775 1640 cognovimus.
806 1544 929 1622 Precor
944 1545 1061 1636 Deum
1081 1570 1122 1628 ut
1140 1555 1266 1651 aliquid
1282 1561 1364 1638 boni
1378 1568 1496 1652 audita

322 1641 444 1719 ffimus.

271 1663 374 1814 PoDe
392 1741 506 1834 generi
523 1739 592 1829 mei
613 1739 776 1814 fmtnlrus
794 1741 883 1836 male
896 1741 1084 1820 admodum
1105 1771 1160 1826 me
1178 1752 1281 1828 habet
1296 1759 1391 1850 quod
1408 1763 1496 1838 Am·

270 1835 405 1929 plitudo
422 1833 531 1910 vestra
548 1831 677 1917 lenuit,
700 1851 764 1903 nec
789 1853 859 1904 non
881 1835 1039 1909 'dominus
1055 1842 1172 1916 [aius.
1218 1849 1277 1920 Ab
1294 1853 1367 1940 ipso
1385 1873 1496 1934 autem

270 1933 356 2008 aiiii
383 1929 496 2004 adhuc
523 1927 651 2018 accepi
697 1923 850 2018 Dispicio
882 1941 994 2001 autem
1026 1931 1201 2024 diligenter
1236 1960 1278 2015 an
1311 1964 1420 2034 quam·
1437 1949 1498 2026 ill'u

144 2039 165 2062 ·
271 2047 413 2198 ορόἒηφ
430 2043 552 2099 navam
576 2039 710 2117 queam.
758 2019 838 2119 Qua
851 2015 896 2096 de
913 2043 949 2098 re
964 2022 1104 2102 {nuum
1123 2034 1226 2122 quam
1252 2035 1401 2126 primum
1418 2041 1497 2122 Rex

270 2146 309 2200 re
347 2139 421 2196 ena
709 2179 716 2192 .
1062 2152 1067 2160 ’

318 2215 495 2307 Perscn'pii
516 2213 559 2286 ad
573 2208 665 2284 suam
687 2211 898 2306 Maiestatem
920 2217 963 2290 de
981 2216 1121 2296 domino
1137 2221 1316 2320 Jansenio‚
1329 2237 1404 2312 „nec
1425 2257 1497 2315 non

273 2311 320 2383 de
339 2312 464 2383 caeteris
482 2307 679 2403 Episcopis‚
702 2327 851 2400 quorum
869 2310 972 2404 litera
987 2317 1226 2413 Amplitudinis
1238 2325 1354 2402 vestra
1366 2331 1498 2408 iaciunt

254 2405 490 2480 mentionem.
537 2403 623 2500 Quae
636 2403 719 2477 mihi
734 2403 928 2500 respondit,
951 2411 1098 2506 gaudere
1117 2415 1151 2490 se
1177 2420 1358 2511 plurimum
1381 2447 1435 2500 res
1453 2451 1496 2504 uo

272 2502 338 2576 elie
352 2503 527 2596 perdutms
552 2519 562 2571 t
585 2496 739 2596 juilinque
756 2519 796 2574 ut
815 2504 969 2597 proximi
986 2511 1161 2587 occaiione
1177 2515 1220 2588 ad
1237 2517 1346 2594 literas
1366 2523 1496 2600 donnni

270 2599 417 2694 jansenii
431 2599 698 2692 respondentem
720 2598 817 2691 quod
832 2619 922 2676 cutae
942 2604 1089 2682 habebo.
1127 2610 1208 2684 Nec
1222 2616 1373 2690 omittam
1393 2621 1493 2714 quin,

271 2695 370 2788 quod
387 2715 478 2770 nune
499 2697 652 2769 omittere
673 2713 802 2787 cogor,
815 2698 1116 2796 *mne-resarciam,
1140 2705 1178 2781 dr
1200 2708 1244 2782 ad
1261 2711 1371 2785 literas
1394 2715 1497 2810 ipssus

276 2796 379 2885 quim
402 2791 612 2886 prolixiiirmd
633 2789 868 2883 respondeam.
1025 2831 1032 2842 ·

320 2887 428 3000 Quod
446 2909 510 2964 vos
530 2885 629 2960 isthic
652 2886 784 2977 faciu's,
806 2910 870 2963 nec
890 2913 956 2966 nos
971 2913 1123 2990 unquam
1150 2900 1205 2974 hic
1225 2902 1432 3010 omittimus,
1455 2925 1496 2987 ut

249 3028 254 3034 -
329 3001 407 3057 uam
426 2985 618 3076 generalem
639 3003 820 3079 urgeamus
843 3006 854 3060 a
877 2985 937 3061 sed
953 2991 1114 3069 hadenus
1138 2997 1222 3072 nihil
1246 2999 1404 3077 effaetum
1430 3006 1492 3083 est.

269 2998 359 3158 &aa
375 3078 560 3154 Carditulis
580 3079 637 3153 hie
654 3080 770 3154 noster
794 3080 932 3176 Spmosa
954 3105 993 3160 ut
1019 3091 1054 3162 ie
1079 3091 1183 3168 visam
1207 3116 1218 3168 t
1242 3099 1408 3173 contrado
1436 3104 1495 3178 ai-

251 3193 339 3267 -qua
357 3173 573 3252 familiaritate
591 3175 719 3251 videbo
744 3177 873 3270 quidei
896 3187 1209 3264 communicandum
1228 3207 1288 3266 aut
1311 3215 1381 3268 non
1401 3217 1495 3273 com·

270 3273 512 3348 municandum
541 3270 705 3348 censeam.
760 3274 965 3372 Quanquam
988 3301 1066 3356 eum
1096 3285 1249 3381 nemine,
1281 3295 1385 3384 quim
1410 3313 1492 3369 cum

271 3364 346 3459 ipio
367 3368 491 3464 Rege,
513 3368 648 3444 facilius
665 3389 729 3446 nos
747 3373 891 3465 egimus.
916 3397 919 3414 ·
1005 3397 1020 3404 ··
1068 3399 1074 3410 ·
1157 3403 1174 3420 ’·
1267 3409 1280 3420 ’·
1308 3402 1310 3410 ’
1350 3402 1356 3412 ·
1436 3401 1440 3406 ·
1466 3401 1472 3412 ’

250 3501 260 3512 ·
318 3461 375 3534 De
396 3465 526 3554 privata
546 3465 709 3558 petitione
728 3468 979 3562 amplitudinis
998 3475 1115 3553 vestra
1144 3479 1209 3577 jam
1239 3483 1409 3580 perscripti
1435 3489 1495 3562 sa-

270 3553 368 3654 pium
391 3579 455 3632 nec
473 3559 591 3634 dubito
608 3563 691 3656 quin
717 3563 843 3660 aliqud
863 3569 923 3653 un
937 3571 1138 3665 edidmus,
1160 3579 1185 3651 sr
1210 3581 1295 3668 quid
1318 3583 1399 3654 boni
1419 3582 1493 3656 sue-

264 3653 380 3728 'celius
396 3653 496 3730 Deus
519 3657 685 3752 largiatur.
730 3661 825 3736 Nam
844 3661 960 3752 ,senno
976 3669 1070 3762 Regi
1088 3690 1160 3746 non
1179 3672 1285 3744 videri
1305 3677 1493 3765 quidquam

264 3745 314 3823 'de
333 3752 567 3846 amplitudine
592 3755 702 3830 vestra
727 3758 795 3828 'elie
813 3755 1044 3850 lhtuendurn,
1073 3763 1134 3834 nili
1161 3766 1284 3854 rebus,
1311 3766 1430 3838 iinon
1453 3767 1490 3844 in

270 3857 380 3922 tonant
405 3849 611 3939 constitutis,
635 3855 726 3924 certe
743 3849 788 3920 ad
801 3850 938 3922 meliora
952 3857 1131 3927 converfis.
1207 3858 1211 3864 '
1400 3877 1405 3889 ’

315 3945 493 4020 Archidur
511 3945 656 4020 Carolus
672 3943 887 4024 Barcinunam
907 3947 1029 4022 venilia
1049 3949 1170 4024 dicium
1193 3949 1354 4046 vigesimi
1374 3956 1491 4041 setun-

252 4037 316 4112 ‚dt
335 4040 437 4135 liuius
455 4043 598 4132 mensis,
620 4042 744 4136 hicque
766 4040 1116 4138 adfunmsprorina
1139 4045 1331 4142 septimana.
1381 4055 1490 4156 Cujus

267 4133 438 4246 adventus
463 4157 503 4213 ut
522 4140 604 4215 boui
629 4138 725 4246 nobis
743 4137 868 4234 aliquid
891 4139 1022 4218 adferre
1042 4143 1160 4243 polilt,
1182 4145 1298 4228 Deum
1316 4153 1414 4231 edam
1442 4176 1491 4234 at-

246 4245 341 4322 ·que
364 4245 462 4306 ettam
485 4257 617 4330 precor.
796 4261 815 4306 ..¹
1310 4265 1314 4274 ·

255 4323 260 4334 '
314 4321 374 4398 De
392 4345 483 4406 trouu
499 4333 736 4430 prorogatione
751 4331 849 4428 litper
871 4343 1013 4434 negotio
1027 4342 1260 4422 Daelliemensr
1273 4367 1415 4444 magnas·
1431 4349 1488 4422 hu·
1622 4355 1626 4360 “

264 4419 498 4596 beolagratiam
520 4431 685 4528 speroque
711 4451 787 4528 quae
804 4431 904 4528 super
920 4455 963 4510 ea
982 4451 1019 4511 re
1041 4439 1193 4514 miseram
1212 4439 1278 4533 nm
1295 4443 1393 4515 ulmo
1420 4443 1486 4518 elie

262 4537 326 4618 per
358 4537 401 4598 aa.
1459 4573 1463 4582 ·
