3736 5142
219 503 304 594 Aa
322 498 558 590 VIGHUM
581 517 636 582 aa
657 493 864 582 AYTTA
883 490 1238 582 ZUICHEMUM.
1298 517 1377 612 agg

160 664 261 738 rende
278 658 432 745 Praesul,
454 654 533 748 quia
553 668 666 726 tamen
683 652 740 724 hic
766 649 880 726 cursor
911 647 1121 746 germanicus
1143 650 1242 724 etiam
1273 653 1384 745 dupli·-

161 778 263 834 tatam
289 775 354 850 pro
382 755 491 826 vobis·
514 764 625 844 portat
648 801 662 836 ,
699 749 758 821 has
784 748 844 841 ips
880 743 957 818 dare
985 745 1080 818 volui
1100 796 1114 834 ,
1133 767 1216 820 ¹non
1245 749 1383 842 quidem

161 855 257 948 quod
269 852 352 928 noui
365 851 551 945 quidquam
569 843 609 918 lit
627 843 804 938 scriptione
826 842 969 936 dignum
980 893 993 929 ,
1004 841 1065 913 sed
1080 862 1124 915 ne
1139 841 1249 916 officio
1265 843 1383 916 desrm‘.

160 951 246 1026 Non
259 948 471 1044 respondebo
489 962 582 1018 nunc
603 941 647 1016 ad
670 940 780 1013 literas
806 937 1046 1031 Amplitudinis
1069 937 1187 1012 vestrae
1211 937 1384 1012 novisima

162 1049 273 1123 allatas
291 1099 304 1135 ‚
325 1044 402 1138 quia
423 1043 501 1115 Rex
518 1039 617 1112 brevi
634 1037 743 1110 alium·
758 1033 793 1107 se
816 1033 984 1109 cursorem
1011 1033 1100 1109 recia
1125 1037 1168 1107 ad
1190 1055 1252 1110 vos
1273 1037 1385 1113 millu.

25 1141 34 1166 '
162 1163 237 1216 mm
258 1141 313 1215 ait.
359 1138 532 1230 Scaurique
545 1134 676 1206 interim
696 1129 881 1224 dispicere,
903 1130 1029 1224 ecquid
1046 1131 1132 1221 bom·
1145 1133 1230 1206 novi
1243 1131 1285 1205 de
1300 1131 1386 1206 Gra

164 1241 209 1310 tia
224 1233 383 1311 Generaii
403 1285 416 1320 ,
440 1229 633 1322 &collegio
653 1226 889 1320 amplitudinis
909 1227 1059 1316 vestrae,
1084 1227 1121 1299 dc
1140 1229 1289 1301 miisrone
1311 1249 1386 1321 per·

165 1331 308 1405 scribere
329 1329 455 1422 poliim.
501 1325 558 1398 De
574 1323 696 1418 quibus
715 1343 833 1396 omnes
862 1325 975 1395 omnia
1000 1323 1129 1417 semper
1155 1325 1388 1418 promittunt3

166 1427 225 1502 sed
241 1425 397 1502 mamus
412 1423 491 1500 nibil
509 1421 560 1496 est
571 1419 766 1516 'maldrum
812 1420 867 1491 Ac
885 1439 1076 1512 quanquam
1098 1419 1234 1514 quidem
1258 1421 1388 1514 sperem

165 1523 366 1618 superiorem
383 1521 585 1595 tabellarium
600 1516 726 1594 salvum
742 1517 787 1590 ad
804 1535 866 1591 vos
881 1534 1144 1609 perventurum
1161 1519 1259 1593 volui
1275 1537 1389 1594 tamen

164 1619 372 1716 duplicatam
388 1617 528 1691 mittere.

208 1715 397 1812 Negotium
413 1713 638 1788 Tzommonis
655 1711 758 1787 nostri
774 1763 794 1800 ,.
809 1731 892 1784 curo
908 1733 952 1786 ne
969 1767 982 1804 ,
1005 1711 1120 1806 quoad
1144 1711 1214 1806 eius
1231 1715 1303 1791 fieri
1327 1735 1395 1809 po-

164 1810 257 1901 lest,
280 1811 464 1906 quidquam
480 1809 651 1880 omittatur
672 1831 686 1894 ς
708 1807 874 1896 speroque
886 1807 951 1876 haic
967 1811 1067 1880 nodie
1087 1809 1264 1898 negotium
1288 1809 1397 1884 sancii

163 1903 629 1982 bavonisitmumuomam.
677 1901 770 1971 Nam
796 1898 938 1986 nequid
960 1919 1063 1971 morae
1082 1901 1192 1987 ellat,
1225 1905 1262 1974 dc
1284 1909 1389 1992 quim

162 1999 427 2080 i'avolabiiillimd
444 1995 568 2088 poffit,
591 2013 642 2066 tes
654 1991 844 2066 motaretur
867 2042 881 2079 ,
902 1990 973 2086 ipse
994 1993 1138 2084 concepi
1157 1992 1263 2066 literas
1284 1997 1392 2089 Regis

164 2102 208 2172 ad
225 2101 350 2191 Papam
370 2095 408 2165 dc
438 2092 649 2179 Oratorem,
671 2109 756 2182 quas
779 2087 823 2159 ad
849 2089 1036 2162 Antonium
1057 2089 1193 2186 Penes(
1215 2089 1269 2162 cui
1292 2111 1392 2184 expe·

90 2257 93 2262 .
166 2195 253 2267 ditio
270 2191 424 2267 mandata
442 2185 522 2280 est)
544 2186 647 2273 misr,
669 2201 709 2257 ut
726 2186 926 2274 signaturam
944 2201 1113 2276 procuret.
1194 2187 1263 2260 uod
1280 2187 1305 2261 fi
1321 2187 1392 2278 fiat,

166 2290 304 2380 jungam
321 2289 373 2358 his
392 2283 546 2373 exempla
562 2279 730 2373 utriusque
752 2277 920 2370 Epistolae.
943 2283 997 2352 Ac
1015 2281 1133 2354 licete
1158 2281 1164 2294 '
1197 2282 1205 2295 “
1241 2303 1296 2356 ern
1318 2306 1393 2358 om·

166 2383 226 2456 uia
241 2380 358 2454 ilibinc
373 2375 437 2470 iam
456 2377 603 2450 Romam
620 2376 663 2448 ad
689 2391 921 2470 procuratores
942 2399 1002 2471 per
1023 2399 1087 2452 vos
1114 2377 1177 2450 csse
1198 2380 1288 2452 missa
1312 2433 1325 2469 ,
1347 2401 1393 2454 ne

166 2498 235 2570 qua
250 2494 361 2552 tamen
384 2473 517 2548 sortasse
533 2473 659 2546 accidat
686 2491 812 2560 mora,
843 2475 972 2546 mittam
997 2473 1250 2548 instrumentum
1274 2497 1392 2551 meum

167 2575 367 2667 &reliquas
392 2570 527 2644 schedas
544 2570 594 2642 ad
603 2569 692 2664 ipsos
710 2621 724 2658 ,
745 2571 823 2661 quia
846 2571 928 2644 mihi
947 2573 1086 2664 amplius
1110 2593 1181 2646 non
1202 2571 1280 2648 sunt
1306 2573 1393 2646 usui.

165 2669 221 2742 Et
238 2669 385 2762 dispiciat
417 2666 617 2761 Amplitudo
642 2665 782 2749 vestra,
810 2670 922 2740 utrum
947 2667 1053 2740 ariam
1080 2670 1266 2742 concensus
1291 2669 1398 2764 Regii

168 2765 295 2840 confici
313 2766 394 2839 velit
415 2815 429 2850 ,
452 2785 493 2836 an
519 2777 677 2836 contenta
695 2761 755 2840 erit
766 2761 868 2837 literis
882 2761 927 2835 ad
943 2765 1121 2842 Summum
1136 2764 1336 2841 Pontificem
1355 2767 1400 2841 dt

169 2863 349 2936 Oratorem
368 2859 505 2950 scriptis.

219 2955 389 3053 Quoniam
411 2953 515 3026 literae
540 2953 647 3048 Regis
668 2953 712 3026 ad
741 2955 878 3030 Ducem
903 2957 948 3031 de
972 2957 1136 3032 Varlenio
1154 2958 1277 3034 reliciae
1303 2973 1395 3033 erant

168 3059 396 3147 nuper'eaui
412 3050 577 3123 sarcinam·
593 3051 759 3144 publicam
779 3105 792 3142 ,
814 3053 957 3148 impositi
984 3071 1056 3127 tum
1082 3076 1197 3140 meoe3
1228 3055 1265 3128 dc
1290 3055 1394 3131 credo

169 3153 272 3225 etiam
291 3169 383 3222 nunc
401 3167 479 3219 cunr
493 3147 544 3219 his
551 3149 671 3221 ituram
689 3148 899 3241 duplicatam.
924 3151 1268 3227 Folcardusnondum
1287 3153 1394 3240 venit,

168 3243 339 3339 Principes
355 3243 529 3318 Bohemiae
544 3243 697 3336 proximo
713 3245 909 3336 Septembri
917 3247 951 3322 in
975 3247 1190 3322 Germaniam
1215 3249 1317 3324 ituros
1337 3267 1395 3324 ru·

169 3362 247 3416 mor
279 3343 326 3414 est
349 3392 362 3430 ,
386 3339 444 3414 sed
464 3338 621 3414 incertus.
670 3339 777 3436 Quod
804 3343 829 3414 sr
854 3341 939 3432 liat,
961 3343 1052 3418 haud
1071 3343 1141 3420 scio
1165 3367 1208 3420 an
1236 3349 1402 3424 voluntas·

171 3437 418 3530 Amplimdinis
429 3434 680 3524 vestra-est,ut
698 3457 776 3508 cum
789 3437 852 3510 iilis
871 3441 1067 3514 collocetur.

220 3531 357 3628 Juntiis
381 3531 433 3602 his
459 3529 620 3604 fascicrdis
647 3532 814 3607 literarum
837 3536 880 3608 ad
905 3535 999 3630 Luys
1023 3538 1200 3630 Mendes,
1232 3539 1396 3614 Dostoris

171 3626 288 3705 Paccii
307 3623 409 3702 nostri
429 3624 508 3715 est,
531 3629 642 3719 quiin
670 3649 748 3702 rure
763 3629 823 3705 suo
846 3631 927 3706 ocio
957 3634 1080 3706 abhinc
1108 3635 1297 3708 milliaribus
1325 3639 1396 3710 lati·

25 3707 28 3826 {s
172 3741 248 3800 tens
265 3773 288 3808 ,·
303 3741 476 3816 nunquam
494 3726 562 3797 iruc
580 3743 758 3799 commeat.
790 3726 846 3796 De
864 3727 959 3797 libris
968 3729 1013 3796 ait
1030 3727 1063 3797 se
1076 3729 1216 3799 scribere
1232 3777 1245 3816 ‚
1268 3729 1303 3799 iu
1319 3731 1395 3824 qui-

26 3829 27 3834 ’
171 3821 236 3896 bus
255 3819 482 3914 comparandis
497 3821 613 3913 liquis
632 3840 676 3890 ex
689 3815 813 3888 familia
829 3819 1066 3908 Amplitudinis
1083 3820 1200 3891 vestrae
1216 3822 1396 3920 Euyiium,

173 3917 235 4010 qui
252 3919 346 3992 miles
362 3917 410 3992 est
430 3969 443 4007 ,
467 3914 714 4008 aliquantulum
738 3908 1008 4081 juvarelpoliet,
1038 3912 1119 3985 dicit
1138 3912 1196 3984 fibi
1224 3912 1299 3992 sord
1321 3943 1396 4017 per.

233 4029 320 4088 tum.
366 4011 462 4087 Bene
497 4011 571 4086 vale
591 4063 605 4100 ,
627 4007 833 4082 Reverende
898 4007 1039 4082 asulae
1066 4025 1237 4101 patrone,
1270 4013 1308 4088 dc
1330 4036 1399 4117 te,

215 4109 458 4199 coadjutore,
481 4111 585 4204 quim
601 4103 775 4182 diutissime
794 4105 920 4180 salvum
947 4103 1108 4181 conserva
1134 4109 1170 4183 dc
1196 4108 1396 4199 incolumen.

36 4254 41 4267 .
174 4199 348 4310 bandrici,
372 4225 430 4294 30.
454 4207 533 4301 Julir'
564 4225 577 4277 r
585 4207 667 4297 569.
692 4203 904 4278 Reverendae
934 4201 1172 4298 Amplitudinis
1195 4209 1313 4290 vestrae
1339 4239 1398 4312 pa-

149 4333 152 4339 ·
175 4290 353 4372 massanus
369 4297 507 4374 serviam
556 4317 744 4376 ononimus
767 4299 975 4375 Hennaeus.

226 4388 323 4465 Idem
341 4389 452 4467 cursor
466 4397 534 4489 qui·
564 4418 599 4473 as
625 4411 739 4492 portat
752 4448 775 4490 „
797 4397 892 4500 simul
917 4399 1017 4473 etiam
1044 4401 1220 4494 negotium
1247 4402 1396 4478 vestrano
