<?xml version="1.0" encoding="UTF-8"?>
<!DOCTYPE html PUBLIC "-//W3C//DTD XHTML 1.0 Transitional//EN"
    "http://www.w3.org/TR/xhtml1/DTD/xhtml1-transitional.dtd">
<html xmlns="http://www.w3.org/1999/xhtml" xml:lang="en" lang="en">
 <head>
  <title>
</title>
<meta http-equiv="Content-Type" content="text/html;charset=utf-8" />
  <meta name='ocr-system' content='tesseract 3.04.00' />
  <meta name='ocr-capabilities' content='ocr_page ocr_carea ocr_par ocr_line ocrx_word'/>
</head>
<body>
  <div class='ocr_page' id='page_1' title='image "./jhopperifrisiie00hoppgoog/jhopperifrisiie00hoppgoog_0227.png"; bbox 0 0 3736 5142; ppageno 0'>
   <div class='ocr_carea' id='block_1_1' title="bbox 16 427 18 554">
    <p class='ocr_par' dir='ltr' id='par_1_1' title="bbox 16 427 18 554">
     <span class='ocr_line' id='line_1_1' title="bbox 16 427 17 458; baseline 0 0"><span class='ocrx_word' id='word_1_1' title='bbox 16 427 17 458; x_wconf 85' lang='lat' dir='ltr'><strong>l</strong></span> 
     </span>
     <span class='ocr_line' id='line_1_2' title="bbox 16 517 18 554; baseline 0 0"><span class='ocrx_word' id='word_1_2' title='bbox 16 517 18 554; x_wconf 80' lang='lat' dir='ltr'><strong>l</strong></span> 
     </span>
    </p>
   </div>
   <div class='ocr_carea' id='block_1_2' title="bbox 237 527 1424 1140">
    <p class='ocr_par' dir='ltr' id='par_1_2' title="bbox 191 500 1424 1140">
     <span class='ocr_line' id='line_1_3' title="bbox 273 527 1424 698; baseline -0.009 -15.732"><span class='ocrx_word' id='word_1_3' title='bbox 273 527 357 685; x_wconf 74' lang='lat' dir='ltr'><strong>su</strong></span> <span class='ocrx_word' id='word_1_4' title='bbox 372 573 613 678; x_wconf 67' lang='lat' dir='ltr'><strong>tremum</strong></span> <span class='ocrx_word' id='word_1_5' title='bbox 631 564 690 672; x_wconf 72' lang='lat' dir='ltr'><strong>ii</strong></span> <span class='ocrx_word' id='word_1_6' title='bbox 706 557 1287 673; x_wconf 71' lang='lat' dir='ltr'><strong>Auran&#39;zutcrreraum</strong></span> <span class='ocrx_word' id='word_1_7' title='bbox 1342 585 1424 698; x_wconf 61' lang='grc' dir='ltr'><strong>αις</strong></span> 
     </span>
     <span class='ocr_line' id='line_1_4' title="bbox 237 789 1211 923; baseline -0.013 -37"><span class='ocrx_word' id='word_1_8' title='bbox 237 817 238 820; x_wconf 9' lang='grc' dir='ltr'><strong><em>Ν</em></strong></span> <span class='ocrx_word' id='word_1_9' title='bbox 377 791 902 900; x_wconf 74' lang='lat' dir='ltr'><strong>&#39;urrsroun</strong></span> <span class='ocrx_word' id='word_1_10' title='bbox 987 789 1211 923; x_wconf 65' lang='lat' dir='ltr'><strong>uxtn</strong></span> 
     </span>
     <span class='ocr_line' id='line_1_5' title="bbox 261 991 1404 1140; baseline -0.009 -43"><span class='ocrx_word' id='word_1_11' title='bbox 261 1015 382 1101; x_wconf 81' lang='lat' dir='ltr'><strong>Arte.</strong></span> <span class='ocrx_word' id='word_1_12' title='bbox 410 997 632 1094; x_wconf 77' lang='lat' dir='ltr'><strong>cardinalis</strong></span> <span class='ocrx_word' id='word_1_13' title='bbox 656 995 860 1113; x_wconf 74' lang='lat' dir='ltr'><strong>Guiflanus</strong></span> <span class='ocrx_word' id='word_1_14' title='bbox 878 998 918 1087; x_wconf 81' lang='lat' dir='ltr'><strong>in</strong></span> <span class='ocrx_word' id='word_1_15' title='bbox 935 991 1131 1112; x_wconf 76' lang='lat' dir='ltr'><strong>Hispania</strong></span> <span class='ocrx_word' id='word_1_16' title='bbox 1158 995 1324 1112; x_wconf 80' lang='lat' dir='ltr'><strong>legatur.</strong></span> <span class='ocrx_word' id='word_1_17' title='bbox 1397 1025 1404 1140; x_wconf 20' lang='grc' dir='ltr'><strong><em>Ἰ</em></strong></span> 
     </span>
    </p>
   </div>
   <div class='ocr_carea' id='block_1_3' title="bbox 207 1302 1471 2362">
    <p class='ocr_par' dir='ltr' id='par_1_3' title="bbox 207 1302 1433 1967">
     <span class='ocr_line' id='line_1_6' title="bbox 284 1302 1430 1406; baseline 0.001 -23"><span class='ocrx_word' id='word_1_18' title='bbox 284 1363 293 1383; x_wconf 91' lang='lat'><strong>.</strong></span> <span class='ocrx_word' id='word_1_19' title='bbox 317 1306 354 1381; x_wconf 87' lang='lat' dir='ltr'><strong>P.</strong></span> <span class='ocrx_word' id='word_1_20' title='bbox 379 1305 581 1382; x_wconf 89' lang='lat' dir='ltr'><strong>Reverende</strong></span> <span class='ocrx_word' id='word_1_21' title='bbox 597 1302 730 1380; x_wconf 86' lang='lat' dir='ltr'><strong>Praesul.</strong></span> <span class='ocrx_word' id='word_1_22' title='bbox 776 1306 947 1406; x_wconf 84' lang='lat' dir='ltr'><strong>Quoniam</strong></span> <span class='ocrx_word' id='word_1_23' title='bbox 962 1302 1198 1404; x_wconf 65' lang='lat' dir='ltr'>denunciatum</span> <span class='ocrx_word' id='word_1_24' title='bbox 1213 1306 1262 1382; x_wconf 89' lang='lat' dir='ltr'><strong>est</strong></span> <span class='ocrx_word' id='word_1_25' title='bbox 1277 1307 1430 1391; x_wconf 79' lang='lat' dir='ltr'><strong>milriali·</strong></span> 
     </span>
     <span class='ocr_line' id='line_1_7' title="bbox 212 1400 1430 1499; baseline 0.001 -19"><span class='ocrx_word' id='word_1_26' title='bbox 212 1407 292 1480; x_wconf 85' lang='lat' dir='ltr'><strong>lrrnc</strong></span> <span class='ocrx_word' id='word_1_27' title='bbox 314 1423 380 1477; x_wconf 91' lang='lat' dir='ltr'><strong>una</strong></span> <span class='ocrx_word' id='word_1_28' title='bbox 407 1405 507 1491; x_wconf 89' lang='lat' dir='ltr'><strong>hura,</strong></span> <span class='ocrx_word' id='word_1_29' title='bbox 531 1400 763 1499; x_wconf 75' lang='lat' dir='ltr'><strong>profecturum</strong></span> <span class='ocrx_word' id='word_1_30' title='bbox 781 1404 949 1480; x_wconf 80' lang='lat' dir='ltr'>cursorem</span> <span class='ocrx_word' id='word_1_31' title='bbox 974 1400 1157 1496; x_wconf 83' lang='lat' dir='ltr'><strong>quemdam</strong></span> <span class='ocrx_word' id='word_1_32' title='bbox 1185 1403 1334 1496; x_wconf 86' lang='lat' dir='ltr'><strong>secreto,</strong></span> <span class='ocrx_word' id='word_1_33' title='bbox 1357 1405 1430 1480; x_wconf 84' lang='lat' dir='ltr'><strong>haec</strong></span> 
     </span>
     <span class='ocr_line' id='line_1_8' title="bbox 214 1499 1432 1592; baseline -0.002 -16"><span class='ocrx_word' id='word_1_34' title='bbox 214 1502 333 1576; x_wconf 76' lang='lat' dir='ltr'><strong>terrim</strong></span> <span class='ocrx_word' id='word_1_35' title='bbox 348 1501 472 1590; x_wconf 86' lang='lat' dir='ltr'><strong>scribo,</strong></span> <span class='ocrx_word' id='word_1_36' title='bbox 495 1521 539 1574; x_wconf 91' lang='lat' dir='ltr'><strong>ne</strong></span> <span class='ocrx_word' id='word_1_37' title='bbox 556 1499 657 1574; x_wconf 91' lang='lat' dir='ltr'><strong>ullam</strong></span> <span class='ocrx_word' id='word_1_38' title='bbox 674 1500 878 1576; x_wconf 79' lang='lat' dir='ltr'><strong>occasionem</strong></span> <span class='ocrx_word' id='word_1_39' title='bbox 894 1499 1072 1586; x_wconf 84' lang='lat' dir='ltr'><strong>omittam,</strong></span> <span class='ocrx_word' id='word_1_40' title='bbox 1093 1519 1162 1592; x_wconf 89' lang='lat' dir='ltr'><strong>qua</strong></span> <span class='ocrx_word' id='word_1_41' title='bbox 1177 1500 1325 1576; x_wconf 88' lang='lat' dir='ltr'><strong>officium</strong></span> <span class='ocrx_word' id='word_1_42' title='bbox 1338 1501 1432 1578; x_wconf 81' lang='lat' dir='ltr'><strong>debi·</strong></span> 
     </span>
     <span class='ocr_line' id='line_1_9' title="bbox 209 1595 1432 1692; baseline -0.001 -18"><span class='ocrx_word' id='word_1_43' title='bbox 209 1613 282 1674; x_wconf 90' lang='lat' dir='ltr'><strong>tum</strong></span> <span class='ocrx_word' id='word_1_44' title='bbox 307 1617 386 1691; x_wconf 82' lang='lat' dir='ltr'><strong>erga</strong></span> <span class='ocrx_word' id='word_1_45' title='bbox 404 1598 672 1692; x_wconf 86' lang='lat' dir='ltr'><strong>Amplitudinem</strong></span> <span class='ocrx_word' id='word_1_46' title='bbox 697 1596 842 1672; x_wconf 86' lang='lat' dir='ltr'><strong>vestram</strong></span> <span class='ocrx_word' id='word_1_47' title='bbox 859 1595 991 1672; x_wconf 85' lang='lat' dir='ltr'><strong>faciam.</strong></span> <span class='ocrx_word' id='word_1_48' title='bbox 1038 1595 1077 1668; x_wconf 92' lang='lat' dir='ltr'><strong>ln</strong></span> <span class='ocrx_word' id='word_1_49' title='bbox 1101 1617 1223 1690; x_wconf 84' lang='lat' dir='ltr'><strong>magna</strong></span> <span class='ocrx_word' id='word_1_50' title='bbox 1245 1597 1432 1673; x_wconf 82' lang='lat' dir='ltr'><strong>sumus‘ex·</strong></span> 
     </span>
     <span class='ocr_line' id='line_1_10' title="bbox 208 1689 1432 1788; baseline 0.004 -23"><span class='ocrx_word' id='word_1_51' title='bbox 208 1692 398 1788; x_wconf 75' lang='lat' dir='ltr'><strong>pestatione</strong></span> <span class='ocrx_word' id='word_1_52' title='bbox 416 1695 539 1786; x_wconf 86' lang='lat' dir='ltr'><strong>ecquid</strong></span> <span class='ocrx_word' id='word_1_53' title='bbox 556 1692 691 1768; x_wconf 82' lang='lat' dir='ltr'><strong>tandem</strong></span> <span class='ocrx_word' id='word_1_54' title='bbox 707 1700 728 1770; x_wconf 77' lang='lat' dir='ltr'><strong>i</strong></span> <span class='ocrx_word' id='word_1_55' title='bbox 743 1695 840 1768; x_wconf 86' lang='lat' dir='ltr'><strong>vobis</strong></span> <span class='ocrx_word' id='word_1_56' title='bbox 855 1695 1037 1770; x_wconf 84' lang='lat' dir='ltr'><strong>adferetut.</strong></span> <span class='ocrx_word' id='word_1_57' title='bbox 1083 1689 1175 1767; x_wconf 88' lang='lat' dir='ltr'><strong>Nam</strong></span> <span class='ocrx_word' id='word_1_58' title='bbox 1193 1697 1265 1770; x_wconf 79' lang='lat' dir='ltr'><strong>toll</strong></span> <span class='ocrx_word' id='word_1_59' title='bbox 1279 1698 1342 1770; x_wconf 86' lang='lat' dir='ltr'><strong>hae</strong></span> <span class='ocrx_word' id='word_1_60' title='bbox 1360 1697 1432 1770; x_wconf 88' lang='lat' dir='ltr'><strong>hie·</strong></span> 
     </span>
     <span class='ocr_line' id='line_1_11' title="bbox 209 1788 1433 1956; baseline 0.002 -93"><span class='ocrx_word' id='word_1_61' title='bbox 209 1811 265 1864; x_wconf 89' lang='lat' dir='ltr'><strong>me</strong></span> <span class='ocrx_word' id='word_1_62' title='bbox 288 1809 334 1956; x_wconf 48' lang='lat' dir='ltr'><strong>the</strong></span> <span class='ocrx_word' id='word_1_63' title='bbox 355 1810 454 1862; x_wconf 84' lang='lat' dir='ltr'><strong>unam</strong></span> <span class='ocrx_word' id='word_1_64' title='bbox 477 1789 616 1882; x_wconf 91' lang='lat' dir='ltr'><strong>quidem</strong></span> <span class='ocrx_word' id='word_1_65' title='bbox 638 1789 765 1860; x_wconf 84' lang='lat' dir='ltr'><strong>literam</strong></span> <span class='ocrx_word' id='word_1_66' title='bbox 783 1792 996 1879; x_wconf 73' lang='lat' dir='ltr'><strong>accepimus,</strong></span> <span class='ocrx_word' id='word_1_67' title='bbox 1016 1788 1075 1860; x_wconf 81' lang='lat' dir='ltr'><strong>nisi</strong></span> <span class='ocrx_word' id='word_1_68' title='bbox 1096 1792 1191 1878; x_wconf 89' lang='lat' dir='ltr'><strong>quud</strong></span> <span class='ocrx_word' id='word_1_69' title='bbox 1209 1791 1333 1867; x_wconf 84' lang='lat' dir='ltr'><strong>abhinc</strong></span> <span class='ocrx_word' id='word_1_70' title='bbox 1350 1813 1433 1887; x_wconf 89' lang='lat' dir='ltr'><strong>qua·</strong></span> 
     </span>
     <span class='ocr_line' id='line_1_12' title="bbox 207 1885 709 1967; baseline 0.012 -6"><span class='ocrx_word' id='word_1_71' title='bbox 207 1901 290 1962; x_wconf 88' lang='lat' dir='ltr'><strong>tuot</strong></span> <span class='ocrx_word' id='word_1_72' title='bbox 326 1885 435 1957; x_wconf 88' lang='lat' dir='ltr'><strong>iebus.</strong></span> <span class='ocrx_word' id='word_1_73' title='bbox 511 1924 513 1934; x_wconf 65' lang='lat'><strong>,</strong></span> <span class='ocrx_word' id='word_1_74' title='bbox 697 1957 709 1967; x_wconf 96' lang='lat'>.</span> 
     </span>
    </p>

    <p class='ocr_par' dir='ltr' id='par_1_4' title="bbox 208 1970 1471 2154">
     <span class='ocr_line' id='line_1_13' title="bbox 255 1970 1471 2072; baseline -0.006 -17"><span class='ocrx_word' id='word_1_75' title='bbox 255 1977 383 2055; x_wconf 74' lang='lat' dir='ltr'><strong>Nelcio</strong></span> <span class='ocrx_word' id='word_1_76' title='bbox 400 1975 484 2070; x_wconf 90' lang='lat' dir='ltr'><strong>quid</strong></span> <span class='ocrx_word' id='word_1_77' title='bbox 498 1975 665 2048; x_wconf 82' lang='lat' dir='ltr'><strong>literatum</strong></span> <span class='ocrx_word' id='word_1_78' title='bbox 680 1994 700 2046; x_wconf 93' lang='lat' dir='ltr'><strong>a</strong></span> <span class='ocrx_word' id='word_1_79' title='bbox 718 1974 821 2048; x_wconf 89' lang='lat' dir='ltr'><strong>Duce</strong></span> <span class='ocrx_word' id='word_1_80' title='bbox 837 1971 951 2062; x_wconf 88' lang='lat' dir='ltr'><strong>venit,</strong></span> <span class='ocrx_word' id='word_1_81' title='bbox 963 1989 1039 2063; x_wconf 89' lang='lat' dir='ltr'><strong>quae</strong></span> <span class='ocrx_word' id='word_1_82' title='bbox 1057 1970 1153 2043; x_wconf 83' lang='lat' dir='ltr'><strong>initio</strong></span> <span class='ocrx_word' id='word_1_83' title='bbox 1169 1974 1316 2066; x_wconf 90' lang='lat' dir='ltr'><strong>Januarii</strong></span> <span class='ocrx_word' id='word_1_84' title='bbox 1332 1975 1431 2072; x_wconf 79' lang='lat' dir='ltr'><strong>scrip</strong></span> <span class='ocrx_word' id='word_1_85' title='bbox 1466 2041 1471 2048; x_wconf 87' lang='lat'>.</span> 
     </span>
     <span class='ocr_line' id='line_1_14' title="bbox 208 2064 1357 2154; baseline -0.009 -4"><span class='ocrx_word' id='word_1_86' title='bbox 208 2091 253 2150; x_wconf 83' lang='lat' dir='ltr'><strong>tae</strong></span> <span class='ocrx_word' id='word_1_87' title='bbox 272 2089 378 2149; x_wconf 86' lang='lat' dir='ltr'><strong>etant.</strong></span> <span class='ocrx_word' id='word_1_88' title='bbox 424 2069 494 2146; x_wconf 88' lang='lat' dir='ltr'><strong>Sed</strong></span> <span class='ocrx_word' id='word_1_89' title='bbox 518 2071 621 2143; x_wconf 90' lang='lat' dir='ltr'><strong>video</strong></span> <span class='ocrx_word' id='word_1_90' title='bbox 637 2069 765 2142; x_wconf 85' lang='lat' dir='ltr'><strong>secreto</strong></span> <span class='ocrx_word' id='word_1_91' title='bbox 779 2071 871 2142; x_wconf 89' lang='lat' dir='ltr'><strong>illum</strong></span> <span class='ocrx_word' id='word_1_92' title='bbox 889 2068 966 2141; x_wconf 89' lang='lat' dir='ltr'><strong>inde</strong></span> <span class='ocrx_word' id='word_1_93' title='bbox 985 2064 1114 2138; x_wconf 89' lang='lat' dir='ltr'><strong>milium</strong></span> <span class='ocrx_word' id='word_1_94' title='bbox 1130 2067 1237 2154; x_wconf 81' lang='lat' dir='ltr'><strong>suille.</strong></span> <span class='ocrx_word' id='word_1_95' title='bbox 1354 2147 1357 2154; x_wconf 54' lang='grc'><em>,</em></span> 
     </span>
    </p>

    <p class='ocr_par' dir='ltr' id='par_1_5' title="bbox 259 2159 1113 2256">
     <span class='ocr_line' id='line_1_15' title="bbox 259 2159 1113 2256; baseline -0.011 -13"><span class='ocrx_word' id='word_1_96' title='bbox 259 2171 318 2243; x_wconf 84' lang='lat' dir='ltr'><strong>Ad</strong></span> <span class='ocrx_word' id='word_1_97' title='bbox 338 2164 537 2242; x_wconf 82' lang='lat' dir='ltr'><strong>Arclriducis</strong></span> <span class='ocrx_word' id='word_1_98' title='bbox 557 2163 803 2256; x_wconf 84' lang='lat' dir='ltr'><strong>replicationem</strong></span> <span class='ocrx_word' id='word_1_99' title='bbox 822 2163 1033 2256; x_wconf 89' lang='lat' dir='ltr'><strong>duplicatum</strong></span> <span class='ocrx_word' id='word_1_100' title='bbox 1053 2159 1113 2234; x_wconf 85' lang='lat' dir='ltr'><strong>est.</strong></span> 
     </span>
    </p>

    <p class='ocr_par' dir='ltr' id='par_1_6' title="bbox 260 2259 1434 2362">
     <span class='ocr_line' id='line_1_16' title="bbox 260 2259 1434 2362; baseline 0.002 -26"><span class='ocrx_word' id='word_1_101' title='bbox 260 2263 370 2336; x_wconf 79' lang='lat' dir='ltr'><strong>Adest</strong></span> <span class='ocrx_word' id='word_1_102' title='bbox 388 2261 569 2335; x_wconf 83' lang='lat' dir='ltr'><strong>cardinalis</strong></span> <span class='ocrx_word' id='word_1_103' title='bbox 589 2259 791 2346; x_wconf 75' lang='lat' dir='ltr'><strong>Gudianus,</strong></span> <span class='ocrx_word' id='word_1_104' title='bbox 814 2259 873 2352; x_wconf 90' lang='lat' dir='ltr'><strong>qui</strong></span> <span class='ocrx_word' id='word_1_105' title='bbox 892 2260 979 2334; x_wconf 89' lang='lat' dir='ltr'><strong>inter</strong></span> <span class='ocrx_word' id='word_1_106' title='bbox 1003 2271 1119 2332; x_wconf 82' lang='lat' dir='ltr'><strong>caetera</strong></span> <span class='ocrx_word' id='word_1_107' title='bbox 1137 2262 1242 2353; x_wconf 87' lang='lat' dir='ltr'><strong>petit,</strong></span> <span class='ocrx_word' id='word_1_108' title='bbox 1265 2279 1330 2355; x_wconf 90' lang='lat' dir='ltr'><strong>ut,</strong></span> <span class='ocrx_word' id='word_1_109' title='bbox 1356 2285 1434 2362; x_wconf 81' lang='lat' dir='ltr'><strong>quae</strong></span> 
     </span>
    </p>
   </div>
   <div class='ocr_carea' id='block_1_4' title="bbox 158 2353 1434 2452">
    <p class='ocr_par' dir='ltr' id='par_1_7' title="bbox 158 2353 1434 2452">
     <span class='ocr_line' id='line_1_17' title="bbox 158 2353 1434 2452; baseline 0.002 -21"><span class='ocrx_word' id='word_1_110' title='bbox 158 2385 166 2390; x_wconf 84' lang='lat'><em>·</em></span> <span class='ocrx_word' id='word_1_111' title='bbox 214 2355 286 2431; x_wconf 89' lang='lat' dir='ltr'><strong>istic</strong></span> <span class='ocrx_word' id='word_1_112' title='bbox 303 2355 378 2432; x_wconf 90' lang='lat' dir='ltr'><strong>sunt</strong></span> <span class='ocrx_word' id='word_1_113' title='bbox 394 2357 483 2430; x_wconf 86' lang='lat' dir='ltr'><strong>bona</strong></span> <span class='ocrx_word' id='word_1_114' title='bbox 500 2353 696 2444; x_wconf 80' lang='lat' dir='ltr'><strong>Gallorum,</strong></span> <span class='ocrx_word' id='word_1_115' title='bbox 718 2369 785 2430; x_wconf 90' lang='lat' dir='ltr'><strong>tam</strong></span> <span class='ocrx_word' id='word_1_116' title='bbox 802 2355 1025 2431; x_wconf 84' lang='lat' dir='ltr'><strong>Eccleirallica</strong></span> <span class='ocrx_word' id='word_1_117' title='bbox 1043 2359 1145 2447; x_wconf 81' lang='lat' dir='ltr'><strong>quam</strong></span> <span class='ocrx_word' id='word_1_118' title='bbox 1160 2359 1356 2452; x_wconf 86' lang='lat' dir='ltr'><strong>prophana,</strong></span> <span class='ocrx_word' id='word_1_119' title='bbox 1370 2365 1434 2434; x_wconf 89' lang='lat' dir='ltr'><strong>bo·</strong></span> 
     </span>
    </p>
   </div>
   <div class='ocr_carea' id='block_1_5' title="bbox 211 2449 1434 3046">
    <p class='ocr_par' dir='ltr' id='par_1_8' title="bbox 211 2449 1434 3046">
     <span class='ocr_line' id='line_1_18' title="bbox 211 2449 1434 2550; baseline 0.005 -24"><span class='ocrx_word' id='word_1_120' title='bbox 211 2473 257 2526; x_wconf 84' lang='lat' dir='ltr'><strong>nu</strong></span> <span class='ocrx_word' id='word_1_121' title='bbox 273 2453 380 2550; x_wconf 83' lang='lat' dir='ltr'><strong>Regis</strong></span> <span class='ocrx_word' id='word_1_122' title='bbox 398 2454 573 2526; x_wconf 83' lang='lat' dir='ltr'><strong>voluntate</strong></span> <span class='ocrx_word' id='word_1_123' title='bbox 598 2451 809 2546; x_wconf 80' lang='lat' dir='ltr'><strong>lntpignoran&#39;</strong></span> <span class='ocrx_word' id='word_1_124' title='bbox 830 2453 971 2546; x_wconf 79' lang='lat' dir='ltr'><strong>pollini,</strong></span> <span class='ocrx_word' id='word_1_125' title='bbox 993 2451 1036 2523; x_wconf 90' lang='lat' dir='ltr'><strong>ad</strong></span> <span class='ocrx_word' id='word_1_126' title='bbox 1057 2449 1226 2546; x_wconf 83' lang='lat' dir='ltr'><strong>sumptus,</strong></span> <span class='ocrx_word' id='word_1_127' title='bbox 1250 2475 1338 2548; x_wconf 85' lang='lat' dir='ltr'><strong>quos</strong></span> <span class='ocrx_word' id='word_1_128' title='bbox 1354 2455 1434 2532; x_wconf 82' lang='lat' dir='ltr'><strong>Rex</strong></span> 
     </span>
     <span class='ocr_line' id='line_1_19' title="bbox 211 2547 1434 2643; baseline 0.002 -20"><span class='ocrx_word' id='word_1_129' title='bbox 211 2547 357 2624; x_wconf 74' lang='lat' dir='ltr'><strong>Francia</strong></span> <span class='ocrx_word' id='word_1_130' title='bbox 384 2551 486 2625; x_wconf 86' lang='lat' dir='ltr'><strong>habet</strong></span> <span class='ocrx_word' id='word_1_131' title='bbox 512 2549 701 2639; x_wconf 76' lang='lat' dir='ltr'><strong>maxitnm&#39;,</strong></span> <span class='ocrx_word' id='word_1_132' title='bbox 723 2551 938 2639; x_wconf 72' lang='lat' dir='ltr'><strong>tolerantior,</strong></span> <span class='ocrx_word' id='word_1_133' title='bbox 960 2548 1060 2643; x_wconf 87' lang='lat' dir='ltr'><strong>super</strong></span> <span class='ocrx_word' id='word_1_134' title='bbox 1078 2569 1149 2642; x_wconf 87' lang='lat' dir='ltr'><strong>quo</strong></span> <span class='ocrx_word' id='word_1_135' title='bbox 1168 2551 1331 2626; x_wconf 88' lang='lat' dir='ltr'><strong>Advisum</strong></span> <span class='ocrx_word' id='word_1_136' title='bbox 1358 2551 1434 2626; x_wconf 83' lang='lat' dir='ltr'><strong>nos·</strong></span> 
     </span>
     <span class='ocr_line' id='line_1_20' title="bbox 212 2642 1433 2761; baseline 0.005 -41"><span class='ocrx_word' id='word_1_137' title='bbox 212 2659 303 2756; x_wconf 74' lang='lat' dir='ltr'><strong>taum</strong></span> <span class='ocrx_word' id='word_1_138' title='bbox 328 2647 408 2720; x_wconf 83' lang='lat' dir='ltr'><strong>Rex</strong></span> <span class='ocrx_word' id='word_1_139' title='bbox 429 2645 515 2761; x_wconf 82' lang='lat' dir='ltr'><strong>petit</strong></span> <span class='ocrx_word' id='word_1_140' title='bbox 539 2667 549 2716; x_wconf 76' lang='lat' dir='ltr'><strong>a</strong></span> <span class='ocrx_word' id='word_1_141' title='bbox 574 2645 804 2743; x_wconf 88' lang='lat' dir='ltr'><strong>promittitque</strong></span> <span class='ocrx_word' id='word_1_142' title='bbox 820 2648 899 2723; x_wconf 82' lang='lat' dir='ltr'><strong>Rex</strong></span> <span class='ocrx_word' id='word_1_143' title='bbox 915 2647 1062 2722; x_wconf 83' lang='lat' dir='ltr'><strong>Franciae</strong></span> <span class='ocrx_word' id='word_1_144' title='bbox 1087 2642 1121 2718; x_wconf 90' lang='lat' dir='ltr'><strong>se</strong></span> <span class='ocrx_word' id='word_1_145' title='bbox 1139 2646 1225 2722; x_wconf 85' lang='lat' dir='ltr'><strong>intra</strong></span> <span class='ocrx_word' id='word_1_146' title='bbox 1242 2647 1433 2742; x_wconf 87' lang='lat' dir='ltr'><strong>quinqueu-</strong></span> 
     </span>
     <span class='ocr_line' id='line_1_21' title="bbox 213 2757 1434 2950; baseline 0.003 -40"><span class='ocrx_word' id='word_1_147' title='bbox 213 2757 690 2950; x_wconf 41' lang='lat' dir='ltr'><strong>nuffiogaffifergffirsnigrgirgg</strong></span> <span class='ocrx_word' id='word_1_148' title='bbox 705 2840 811 2936; x_wconf 84' lang='lat' dir='ltr'><strong>magis</strong></span> <span class='ocrx_word' id='word_1_149' title='bbox 829 2825 869 2915; x_wconf 85' lang='lat' dir='ltr'><strong>ae</strong></span> <span class='ocrx_word' id='word_1_150' title='bbox 884 2825 990 2948; x_wconf 79' lang='lat' dir='ltr'><strong>magis</strong></span> <span class='ocrx_word' id='word_1_151' title='bbox 1004 2851 1174 2950; x_wconf 75' lang='lat' dir='ltr'><strong>coguntur</strong></span> <span class='ocrx_word' id='word_1_152' title='bbox 1189 2841 1224 2914; x_wconf 90' lang='lat' dir='ltr'><strong>in</strong></span> <span class='ocrx_word' id='word_1_153' title='bbox 1240 2799 1434 2937; x_wconf 78' lang='lat' dir='ltr'><strong>angustum,</strong></span> 
     </span>
     <span class='ocr_line' id='line_1_22' title="bbox 211 2933 1434 3046; baseline 0.007 -40"><span class='ocrx_word' id='word_1_154' title='bbox 211 2947 261 3006; x_wconf 82' lang='lat' dir='ltr'><strong>na</strong></span> <span class='ocrx_word' id='word_1_155' title='bbox 281 2949 321 3006; x_wconf 94' lang='lat' dir='ltr'><strong>ut</strong></span> <span class='ocrx_word' id='word_1_156' title='bbox 346 2933 442 3011; x_wconf 87' lang='lat' dir='ltr'><strong>brevi</strong></span> <span class='ocrx_word' id='word_1_157' title='bbox 467 2935 601 3008; x_wconf 89' lang='lat' dir='ltr'><strong>felicem</strong></span> <span class='ocrx_word' id='word_1_158' title='bbox 628 2943 755 3009; x_wconf 78' lang='lat' dir='ltr'><strong>exitum</strong></span> <span class='ocrx_word' id='word_1_159' title='bbox 780 2937 887 3026; x_wconf 90' lang='lat' dir='ltr'><strong>belli,</strong></span> <span class='ocrx_word' id='word_1_160' title='bbox 915 2935 1221 3046; x_wconf 64' lang='lat' dir='ltr'><strong>Deo&#39;adquvante,</strong></span> <span class='ocrx_word' id='word_1_161' title='bbox 1252 2937 1434 3034; x_wconf 84' lang='lat' dir='ltr'><strong>speremus.</strong></span> 
     </span>
    </p>
   </div>
   <div class='ocr_carea' id='block_1_6' title="bbox 169 3029 1436 3128">
    <p class='ocr_par' dir='ltr' id='par_1_9' title="bbox 169 3029 1436 3128">
     <span class='ocr_line' id='line_1_23' title="bbox 169 3029 1436 3128; baseline -0.002 -20"><span class='ocrx_word' id='word_1_162' title='bbox 169 3101 172 3108; x_wconf 87' lang='lat'><em>.</em></span> <span class='ocrx_word' id='word_1_163' title='bbox 213 3029 490 3104; x_wconf 74' lang='lat' dir='ltr'><strong>salmanticenses</strong></span> <span class='ocrx_word' id='word_1_164' title='bbox 509 3031 602 3106; x_wconf 75' lang='lat' dir='ltr'><strong>rede</strong></span> <span class='ocrx_word' id='word_1_165' title='bbox 629 3032 762 3123; x_wconf 74' lang='lat' dir='ltr'><strong>valent,</strong></span> <span class='ocrx_word' id='word_1_166' title='bbox 791 3031 973 3128; x_wconf 83' lang='lat' dir='ltr'><strong>accepique</strong></span> <span class='ocrx_word' id='word_1_167' title='bbox 996 3033 1069 3106; x_wconf 89' lang='lat' dir='ltr'><strong>hen</strong></span> <span class='ocrx_word' id='word_1_168' title='bbox 1093 3033 1137 3104; x_wconf 87' lang='lat' dir='ltr'><strong>ab</strong></span> <span class='ocrx_word' id='word_1_169' title='bbox 1163 3034 1202 3108; x_wconf 91' lang='lat' dir='ltr'><strong>iis</strong></span> <span class='ocrx_word' id='word_1_170' title='bbox 1224 3034 1332 3108; x_wconf 83' lang='lat' dir='ltr'><strong>literas</strong></span> <span class='ocrx_word' id='word_1_171' title='bbox 1356 3033 1436 3108; x_wconf 85' lang='lat' dir='ltr'><strong>cum</strong></span> 
     </span>
    </p>
   </div>
   <div class='ocr_carea' id='block_1_7' title="bbox 210 3123 1591 4072">
    <p class='ocr_par' dir='ltr' id='par_1_10' title="bbox 210 3123 1591 4072">
     <span class='ocr_line' id='line_1_24' title="bbox 211 3123 1436 3224; baseline 0.005 -26"><span class='ocrx_word' id='word_1_172' title='bbox 211 3123 377 3200; x_wconf 82' lang='lat' dir='ltr'><strong>fasciculis</strong></span> <span class='ocrx_word' id='word_1_173' title='bbox 392 3125 434 3199; x_wconf 87' lang='lat' dir='ltr'><strong>ad</strong></span> <span class='ocrx_word' id='word_1_174' title='bbox 450 3127 893 3220; x_wconf 84' lang='lat' dir='ltr'><strong>Amplitudinem&#39;vestram.</strong></span> <span class='ocrx_word' id='word_1_175' title='bbox 929 3129 1008 3201; x_wconf 84' lang='lat' dir='ltr'><strong>&#39;Sed</strong></span> <span class='ocrx_word' id='word_1_176' title='bbox 1031 3126 1114 3202; x_wconf 92' lang='lat' dir='ltr'><strong>huic</strong></span> <span class='ocrx_word' id='word_1_177' title='bbox 1130 3129 1254 3205; x_wconf 83' lang='lat' dir='ltr'><strong>cursori</strong></span> <span class='ocrx_word' id='word_1_178' title='bbox 1273 3149 1343 3204; x_wconf 88' lang='lat' dir='ltr'><strong>non</strong></span> <span class='ocrx_word' id='word_1_179' title='bbox 1360 3127 1436 3224; x_wconf 88' lang='lat' dir='ltr'><strong>pol·</strong></span> 
     </span>
     <span class='ocr_line' id='line_1_25' title="bbox 211 3219 1435 3322; baseline 0.005 -28"><span class='ocrx_word' id='word_1_180' title='bbox 211 3219 287 3296; x_wconf 83' lang='lat' dir='ltr'><strong>ium</strong></span> <span class='ocrx_word' id='word_1_181' title='bbox 305 3222 453 3314; x_wconf 82' lang='lat' dir='ltr'><strong>tradere,</strong></span> <span class='ocrx_word' id='word_1_182' title='bbox 476 3225 536 3316; x_wconf 92' lang='lat' dir='ltr'><strong>qui</strong></span> <span class='ocrx_word' id='word_1_183' title='bbox 555 3225 611 3297; x_wconf 90' lang='lat' dir='ltr'><strong>vel</strong></span> <span class='ocrx_word' id='word_1_184' title='bbox 630 3223 689 3296; x_wconf 90' lang='lat' dir='ltr'><strong>has</strong></span> <span class='ocrx_word' id='word_1_185' title='bbox 710 3223 769 3298; x_wconf 86' lang='lat' dir='ltr'><strong>vix</strong></span> <span class='ocrx_word' id='word_1_186' title='bbox 791 3225 1137 3318; x_wconf 80' lang='lat' dir='ltr'><strong>videtur&#39;perlaturus.</strong></span> <span class='ocrx_word' id='word_1_187' title='bbox 1167 3225 1253 3300; x_wconf 90' lang='lat' dir='ltr'><strong>Dies</strong></span> <span class='ocrx_word' id='word_1_188' title='bbox 1268 3224 1346 3300; x_wconf 85' lang='lat' dir='ltr'><strong>sunt</strong></span> <span class='ocrx_word' id='word_1_189' title='bbox 1361 3227 1435 3322; x_wconf 89' lang='lat' dir='ltr'><strong>sep-</strong></span> 
     </span>
     <span class='ocr_line' id='line_1_26' title="bbox 213 3319 1435 3414; baseline 0.007 -24"><span class='ocrx_word' id='word_1_190' title='bbox 213 3329 287 3392; x_wconf 86' lang='lat' dir='ltr'><strong>tem</strong></span> <span class='ocrx_word' id='word_1_191' title='bbox 308 3319 386 3410; x_wconf 87' lang='lat' dir='ltr'><strong>plus</strong></span> <span class='ocrx_word' id='word_1_192' title='bbox 402 3320 512 3393; x_wconf 89' lang='lat' dir='ltr'><strong>minus</strong></span> <span class='ocrx_word' id='word_1_193' title='bbox 529 3319 625 3414; x_wconf 89' lang='lat' dir='ltr'><strong>quod</strong></span> <span class='ocrx_word' id='word_1_194' title='bbox 640 3340 704 3412; x_wconf 88' lang='lat' dir='ltr'><strong>per</strong></span> <span class='ocrx_word' id='word_1_195' title='bbox 720 3339 942 3396; x_wconf 89' lang='lat' dir='ltr'><strong>mercatorem</strong></span> <span class='ocrx_word' id='word_1_196' title='bbox 957 3320 1137 3414; x_wconf 89' lang='lat' dir='ltr'><strong>quemdam</strong></span> <span class='ocrx_word' id='word_1_197' title='bbox 1153 3321 1332 3396; x_wconf 84' lang='lat' dir='ltr'><strong>nostratem</strong></span> <span class='ocrx_word' id='word_1_198' title='bbox 1350 3343 1435 3414; x_wconf 89' lang='lat' dir='ltr'><strong>quo-</strong></span> 
     </span>
     <span class='ocr_line' id='line_1_27' title="bbox 212 3411 1439 3607; baseline 0.007 -28"><span class='ocrx_word' id='word_1_199' title='bbox 212 3411 853 3607; x_wconf 55' lang='lat' dir='ltr'><strong>dillplulllllliiilll</strong></span> <span class='ocrx_word' id='word_1_200' title='bbox 865 3421 981 3590; x_wconf 62' lang='lat' dir='ltr'><strong>ltu</strong></span> <span class='ocrx_word' id='word_1_201' title='bbox 996 3418 1340 3592; x_wconf 57' lang='lat' dir='ltr'><strong>sirtille</strong></span> <span class='ocrx_word' id='word_1_202' title='bbox 1356 3419 1439 3588; x_wconf 72' lang='lat' dir='ltr'><strong>ill</strong></span> 
     </span>
     <span class='ocr_line' id='line_1_28' title="bbox 211 3561 1437 3704; baseline 0.003 -28"><span class='ocrx_word' id='word_1_203' title='bbox 211 3620 297 3704; x_wconf 73' lang='lat' dir='ltr'><strong>sos,</strong></span> <span class='ocrx_word' id='word_1_204' title='bbox 321 3601 401 3676; x_wconf 89' lang='lat' dir='ltr'><strong>dum</strong></span> <span class='ocrx_word' id='word_1_205' title='bbox 418 3605 485 3702; x_wconf 80' lang='lat' dir='ltr'><strong>huc</strong></span> <span class='ocrx_word' id='word_1_206' title='bbox 504 3561 667 3697; x_wconf 58' lang='lat' dir='ltr'><strong>veniunt:</strong></span> <span class='ocrx_word' id='word_1_207' title='bbox 690 3612 790 3684; x_wconf 87' lang='lat' dir='ltr'><strong>etiam</strong></span> <span class='ocrx_word' id='word_1_208' title='bbox 808 3627 910 3704; x_wconf 87' lang='lat' dir='ltr'><strong>atque</strong></span> <span class='ocrx_word' id='word_1_209' title='bbox 924 3613 1022 3704; x_wconf 79' lang='lat' dir='ltr'><strong>etiam</strong></span> <span class='ocrx_word' id='word_1_210' title='bbox 1044 3611 1126 3685; x_wconf 85' lang='lat' dir='ltr'><strong>velit</strong></span> <span class='ocrx_word' id='word_1_211' title='bbox 1143 3611 1324 3686; x_wconf 82' lang='lat' dir='ltr'><strong>custodire.</strong></span> <span class='ocrx_word' id='word_1_212' title='bbox 1371 3608 1437 3681; x_wconf 91' lang='lat' dir='ltr'><strong>Be·</strong></span> 
     </span>
     <span class='ocr_line' id='line_1_29' title="bbox 210 3693 1434 3797; baseline 0.002 -24"><span class='ocrx_word' id='word_1_213' title='bbox 210 3713 263 3773; x_wconf 81' lang='lat' dir='ltr'><strong>me</strong></span> <span class='ocrx_word' id='word_1_214' title='bbox 282 3695 590 3790; x_wconf 56' lang='lat' dir='ltr'><strong>valelleverende</strong></span> <span class='ocrx_word' id='word_1_215' title='bbox 606 3703 738 3778; x_wconf 72' lang='lat' dir='ltr'><strong>Prasii.</strong></span> <span class='ocrx_word' id='word_1_216' title='bbox 786 3693 924 3797; x_wconf 76' lang='lat' dir='ltr'><strong>Raptini</strong></span> <span class='ocrx_word' id='word_1_217' title='bbox 938 3705 1076 3792; x_wconf 73' lang='lat' dir='ltr'><strong>Madriti</strong></span> <span class='ocrx_word' id='word_1_218' title='bbox 1091 3699 1126 3772; x_wconf 85' lang='lat'><strong>6.</strong></span> <span class='ocrx_word' id='word_1_219' title='bbox 1141 3701 1308 3773; x_wconf 83' lang='lat' dir='ltr'><strong>Februarii</strong></span> <span class='ocrx_word' id='word_1_220' title='bbox 1329 3701 1434 3794; x_wconf 83' lang='lat'><strong>1569.</strong></span> 
     </span>
     <span class='ocr_line' id='line_1_30' title="bbox 262 3791 1435 3890; baseline 0.003 -23"><span class='ocrx_word' id='word_1_221' title='bbox 262 3791 422 3890; x_wconf 85' lang='lat' dir='ltr'><strong>Magister</strong></span> <span class='ocrx_word' id='word_1_222' title='bbox 443 3799 563 3873; x_wconf 86' lang='lat' dir='ltr'><strong>Bucho</strong></span> <span class='ocrx_word' id='word_1_223' title='bbox 586 3797 784 3880; x_wconf 88' lang='lat' dir='ltr'><strong>convaluit,</strong></span> <span class='ocrx_word' id='word_1_224' title='bbox 807 3799 886 3868; x_wconf 86' lang='lat' dir='ltr'><strong>&amp;o</strong></span> <span class='ocrx_word' id='word_1_225' title='bbox 911 3799 991 3869; x_wconf 76' lang='lat' dir='ltr'><strong>time</strong></span> <span class='ocrx_word' id='word_1_226' title='bbox 1017 3795 1052 3865; x_wconf 84' lang='lat' dir='ltr'><strong>se</strong></span> <span class='ocrx_word' id='word_1_227' title='bbox 1077 3793 1173 3884; x_wconf 78' lang='lat' dir='ltr'><strong>gerit.</strong></span> <span class='ocrx_word' id='word_1_228' title='bbox 1219 3795 1435 3870; x_wconf 83' lang='lat' dir='ltr'><strong>Reuerendae</strong></span> 
     </span>
     <span class='ocr_line' id='line_1_31' title="bbox 214 3818 1591 3988; baseline 0.005 -27"><span class='ocrx_word' id='word_1_229' title='bbox 214 3888 456 3986; x_wconf 83' lang='lat' dir='ltr'><strong>Amplitudiuis</strong></span> <span class='ocrx_word' id='word_1_230' title='bbox 482 3891 600 3972; x_wconf 84' lang='lat' dir='ltr'><strong>vesttae</strong></span> <span class='ocrx_word' id='word_1_231' title='bbox 632 3886 850 3988; x_wconf 71' lang='lat' dir='ltr'><strong>paullinus</strong></span> <span class='ocrx_word' id='word_1_232' title='bbox 883 3818 1024 3965; x_wconf 64' lang='lat' dir='ltr'><strong>fenum</strong></span> <span class='ocrx_word' id='word_1_233' title='bbox 1049 3887 1263 3986; x_wconf 78' lang='lat' dir='ltr'><strong>Joncrunos</strong></span> <span class='ocrx_word' id='word_1_234' title='bbox 1296 3883 1435 3968; x_wconf 76' lang='lat' dir='ltr'><strong>Hoiea·</strong></span> <span class='ocrx_word' id='word_1_235' title='bbox 1586 3925 1591 3936; x_wconf 95' lang='lat'><em>·</em></span> 
     </span>
     <span class='ocr_line' id='line_1_32' title="bbox 215 4001 799 4072; baseline 0.015 -9"><span class='ocrx_word' id='word_1_236' title='bbox 215 4001 308 4066; x_wconf 58' lang='lat' dir='ltr'><strong>llud-¹</strong></span> <span class='ocrx_word' id='word_1_237' title='bbox 791 4053 799 4072; x_wconf 91' lang='lat'><strong>.</strong></span> 
     </span>
    </p>
   </div>
   <div class='ocr_carea' id='block_1_8' title="bbox 0 0 1885 5142">
    <p class='ocr_par' dir='ltr' id='par_1_11' title="bbox 0 0 1885 5142">
     <span class='ocr_line' id='line_1_33' title="bbox 0 0 1885 5142; baseline 0 0"><span class='ocrx_word' id='word_1_238' title='bbox 0 0 1885 5142; x_wconf 95' lang='lat' dir='ltr'><strong> </strong></span> 
     </span>
    </p>
   </div>
  </div>
 </body>
</html>
