3736 5142
458 483 543 576 294
601 461 919 578 Joacnmtt
950 455 1235 548 notarat
1264 459 1591 551 EntsTOLAE

499 621 559 695 Ad
573 619 764 713 magistrum
786 615 953 716 Jacobum
971 612 1250 689 Daventriensem
1269 611 1578 692 &commissarium
1596 617 1678 700 Van

453 715 520 790 den
537 715 645 791 berch
666 713 775 788 scribit
799 713 878 788 Rex
892 711 1076 788 secundum
1090 711 1187 802 quod
1203 709 1425 804 Amplimdini
1440 713 1555 791 verne
1575 716 1678 792 vide·

448 813 559 978 gutur.
607 809 789 979 Junxihhis
805 809 889 908 ipsas
905 811 1035 900 literar,
1059 820 1096 880 ut
1112 807 1310 900 Amplitudo
1327 805 1437 882 vestra
1454 829 1510 884 eas
1527 809 1678 888 redden·

477 923 512 978 as
530 921 643 980 curare
657 929 701 980 ve
716 907 750 980 't.

499 1003 595 1101 Quid
625 1003 669 1076 de
688 1003 846 1078 vicesimo
864 1023 903 1076 ac
927 999 1059 1076 decimo
1074 998 1212 1074 denario
1233 995 1370 1072 tandem
1388 995 1517 1073 fadum
1529 1001 1592 1090 iit,
1614 1018 1676 1076 en·

478 1117 568 1172 erem
588 1097 737 1176 absolute
753 1100 966 1192 cognoscere.
1011 1095 1107 1171 Nam
1126 1098 1264 1170 Ducem
1280 1093 1364 1166 nihil
1382 1115 1421 1168 ea
1437 1095 1480 1167 de
1494 1115 1536 1184 ‚re
1554 1093 1679 1172 scribe·

497 1211 533 1276 re.
557 1193 638 1270 R'ex
659 1197 819 1286 miratum
839 1195 934 1287 quod
959 1195 995 1268 bt
1018 1195 1105 1267 citra
1127 1189 1393 1285 inquisitionem,
1417 1189 1454 1263 br
1474 1189 1597 1266 Placia
1620 1191 1680 1264 su-

352 1371 361 1394 ·
452 1291 714 1460 peffeligione
732 1289 872 1384 accidit,
895 1311 973 1388 quae
991 1287 1099 1364 nescit
1114 1305 1229 1362 utrum
1247 1285 1465 1379 inptistioum
1480 1289 1599 1361 locum
1614 1286 1684 1364 srot

450 1405 490 1460 re
548 1405 614 1460 uta
1632 1411 1642 1422 ·

499 1479 605 1576 Quod
620 1495 734 1552 corana
752 1479 928 1553 sententias
948 1481 968 1550 i
986 1476 1107 1548 nostris
1134 1475 1329 1548 hominibus
1353 1477 1495 1550 arcasin
1517 1475 1685 1555 Comitiis

451 1573 679 1666 imperialibus
695 1573 843 1664 quereias
858 1571 929 1644 fieri
945 1569 1145 1658 Amplitudo
1163 1569 1271 1640 vestra
1289 1569 1421 1659 scribit,
1438 1593 1518 1642 cum
1534 1591 1579 1642 eo
1597 1595 1686 1649 cotr-
1842 1637 1844 1670 ,

390 1667 394 1674 ’
445 1735 447 1740 ,
491 1667 537 1740 uit'
564 1667 659 1758 quod
685 1665 906 1760 &Reginam
930 1659 1093 1752 ejusmodi
1114 1663 1216 1735 rebus
1245 1661 1394 1735 onustam
1423 1667 1540 1739 venire
1566 1669 1684 1746 aiunt.
1842 1679 1844 1738 3

449 1691 496 1838 {tt
519 1765 612 1835 certb
634 1761 718 1833 dum
740 1760 785 1830 ad
800 1759 866 1830 soia
882 1757 954 1828 aeta
977 1755 1143 1847 judicialia
1158 1757 1313 1828 nonnulii
1330 1759 1385 1831 res
1404 1757 1509 1832 ‘ciunt
1533 1759 1611 1835 stne
1632 1783 1687 1839 te·
1843 1801 1844 1818 2

449 1857 550 1951 liquis
577 1850 762 1948 graviibmis
786 1850 1059 1937 circumstantiis,
1090 1865 1210 1922 vereor
1235 1871 1306 1922 non
1327 1850 1370 1922 de
1382 1870 1507 1924 untros
1536 1857 1602 1946 qui
1631 1881 1682 1932 ca-
1842 1853 1844 1884 ³

453 1949 613 2026 lumniam
641 1947 735 2020 suam
753 1947 801 2018 ita
821 1947 886 2019 smt
902 1946 1073 2032 ornaturi,
1104 1963 1145 2018 ut
1171 1963 1242 2018 non
1267 1948 1406 2019 omnino
1426 1945 1581 2023 disimilis
1610 1955 1680 2028 veri

448 2047 519 2124 ‚eise
534 2047 699 2122 videatur.
744 2041 875 2114 Verum
890 2039 986 2114 baud
1001 2060 1120 2134 parum
1140 2043 1361 2115 metuendum
1381 2043 1431 2116 est
1457 2067 1502 2120 ne
1520 2047 1605 2142 quid
1620 2049 1677 2122 ali·

449 2143 594 2239 quando
612 2139 694 2214 novi
713 2137 894 2225 mtnultua,
916 2152 977 2208 aut
994 2139 1085 2209 certe
1097 2133 1298 2212 difficultatis
1316 2137 1439 2213 existat.

498 2239 556 2314 De
575 2257 669 2311 novo
686 2236 907 2331 gubenntore
920 2233 1025 2306 Duce
1042 2231 1085 2304 de
1098 2229 1240 2306 Medma
1259 2233 1349 2309 Coeli
1362 2287 1374 2324 ‚
1397 2237 1472 2310 viro
1488 2239 1621 2334 optimo
1636 2261 1676 2314 ac

451 2331 708 2422 humaniffimo‚
730 2329 954 2423 superioribus
965 2327 1069 2402 literis
1066 2327 1277 2498 fficntipih
1297 2331 1401 2404 utitur
1417 2335 1507 2408 enim
1522 2355 1582 2408 me
1605 2357 1677 2432 pa.

450 2427 674 2514 familialiter,
695 2427 924 2517 conveuitque
949 2423 1044 2498 illum
1149 2425 1165 2442 ''
1183 2445 1224 2498 us
1247 2427 1292 2500 de
1313 2420 1437 2518 Boisu,
1462 2431 1519 2524 qui
1536 2429 1676 2506 salumn·

450 2525 488 2598 di
503 2523 609 2616 Regis
627 2524 728 2618 gratia
743 2523 811 2596 buc
828 2521 992 2610 excurrit,
1015 2519 1422 2616 plurimumque'mecum
1438 2523 1515 2601 sitit.
1561 2527 1615 2606 Et
1628 2529 1677 2603 sa·

449 2626 497 2694 ne
521 2637 684 2713 quantum
712 2637 793 2690 eum
818 2617 942 2706 video,
964 2618 1001 2690 in
1026 2637 1189 2714 magnum
1211 2619 1325 2694 vnum
1345 2619 1597 2718 tilmannus,
1621 2647 1675 2700 co

448 2713 559 2808 litque
584 2713 851 2810 Ampiimdinem
875 2715 1017 2789 vestram
1041 2729 1083 2787 ut
1110 2731 1250 2808 panem.
1305 2715 1385 2790 Nec
1414 2721 1569 2793 omittam
1591 2722 1672 2817 quin
1841 2747 1843 2816 j

450 2809 504 2885 his
519 2812 667 2905 pauculis
683 2811 806 2885 diebus
825 2807 1030 2885 contradam
1044 2813 1130 2886 nter
1152 2831 1216 2883 nos
1231 2810 1407 2885 amicitiam
1428 2813 1674 2910 diiigentcrco
1721 2827 1725 2832 '
1840 2833 1842 2886 4

449 2907 541 2994 iam,
564 2910 615 3018 uti
639 2927 702 3002 pao
717 2907 812 2982 bono
828 2907 1019 3002 reipublicae
1042 2922 1145 3002 atque
1165 2908 1258 2981 aliter
1274 2907 1359 2981 mihi
1379 2909 1514 2987 videmr
1529 2915 1671 2986 omniuo
1786 2947 1791 2960 ·

448 3023 648 3080 conventre.
1640 3031 1645 3040 ·

498 3101 616 3196 Atque
634 3113 674 3174 ut
694 3099 739 3176 ad
754 3096 1023 3177 Gubernatorem
1041 3093 1193 3174 nostrum
1213 3101 1370 3191 redeam,
1393 3099 1442 3174 est
1458 3103 1512 3175 ide
1553 3101 1665 3174 uidem

449 3194 527 3282 vii,
551 3195 697 3286 ut-dixi‚
720 3199 890 3291 optimus,
914 3215 979 3269 nec
994 3193 1114 3268 dubito
1136 3199 1218 3290 quin
1236 3195 1351 3271 nostris
1368 3199 1430 3270 etit
1449 3197 1531 3290 gra'
1567 3217 1667 3288 mus;

447 3285 511 3360 'sed
529 3306 645 3384 utrum
661 3293 713 3363 bis
731 3292 940 3386 temporibus
962 3305 1030 3364 mm
1054 3289 1242 3366 difficntbus
1260 3307 1380 3364 noum
1403 3292 1592 3366 machinam
1614 3292 1670 3366 so-

447 3383 502 3457 lus
520 3381 680 3456 sustinere
697 3385 822 3476 poffit,
845 3388 1065 3462 vehementer
1081 3390 1195 3462 nmen.
1229 3381 1323 3460 Nam
1336 3387 1669 3484 praeterquamquod

445 3477 657 3551 continuatio
680 3480 815 3570 imperii
832 3480 898 3553 His
935 3481 999 3556 uici
1022 3502 1093 3557 non
1117 3483 1275 3559 omnibus
1294 3501 1387 3580 grata
1408 3485 1541 3560 iornise
1557 3483 1672 3561 futura

446 3571 536 3649 est:
568 3589 643 3650 tum
670 3571 696 3647 sr
717 3575 799 3666 quid
827 3581 849 3652 a
896 3577 1003 3669 assis,
1036 3599 1182 3674 quorum
1209 3581 1388 3673 irrequieta
1413 3581 1490 3654 sunt
1511 3581 1668 3674 ingratia,

447 3687 621 3766 tentetur,
650 3669 829 3748 banditio
846 3691 890 3748 an
909 3672 1006 3752 facie
1025 3675 1179 3751 srtstineai
1195 3678 1321 3769 poterit
1339 3699 1353 3766 3
1372 3677 1411 3750 ‘bt
1431 3677 1559 3751 domii
1576 3675 1662 3749 duro

447 3771 629 3866 rigidoque
654 3769 794 3865 imperio
820 3772 864 3846 ad
880 3772 958 3845 mite
975 3791 1014 3847 ac
1029 3776 1105 3848 lene
1130 3779 1269 3866 repenti
1296 3771 1471 3859 dormiri,
1505 3793 1573 3844 non
1590 3768 1659 3843 scio

444 3887 493 3940 an
515 3869 654 3944 omuino
676 3870 716 3944 iit
740 3865 862 3962 absque
885 3871 1048 3964 periculo.
1081 3867 1200 3944 Deum
1220 3871 1385 3964 optimunr
1400 3867 1577 3941 nmximum
1601 3885 1665 3938 oro

445 3965 617 4126 ⁴ignotmniu
635 3970 737 4054 quim
752 3967 878 4056 optime
895 3966 1034 4058 dirigat,
1066 3964 1103 4037 dc
1118 3967 1161 4038 ad
1185 3963 1257 4060 ejus
1272 3967 1435 4040 bonorem
1453 3960 1572 4038 cunda
1585 3975 1665 4033 ten·

494 4143 554 4258 lie
575 4143 806 4237 Pergameno,
828 4148 884 4222 dis
899 4151 994 4224 iciam
1013 4151 1050 4226 bc
1068 4156 1271 4248 perscribam
1292 4157 1465 4254 diiigenter
1479 4155 1523 4230 ad
1538 4153 1669 4250 Ampsi-

447 4241 599 4356 tudinem
620 4241 787 4352 vestram,
809 4259 849 4354 ut
864 4173 929 4316 tiae
946 4245 1111 4338 Maieiiati
1126 4255 1184 4327 vel
1200 4255 1348 4332 minimis
1362 4255 1536 4347 inachus,
1567 4257 1668 4348 quant

448 4356 575 4435 potent
589 4337 660 4416 fien
674 4339 910 4416 accumussimb
929 4341 1118 4422 serviamus.
1291 4375 1294 4382 ·
1728 4357 1735 4366 “
