3736 5140
289 479 374 574 AD
389 469 626 566 VIGLIUM
647 488 705 554 AB
721 457 929 555 AYTTA
949 459 1303 564 ZUICHEMUM.
1338 509 1341 522 =
1360 471 1440 582 383

462 692 939 796 ΕΡΙὸΤΟΙιΑἱ
976 691 1231 788 ,(ΠΛῘ.ι

262 928 396 1016 mue.
434 918 608 1009 Pecunia
630 911 768 1029 festini
794 917 834 1004 in
864 913 1045 1030 Belgium
1071 913 1188 1036 mrffn
1242 919 1336 1010 Rex
1356 919 1445 1038 qne·

151 1059 153 1064 ’
224 1041 318 1132 telis
341 1033 507 1126 omnibus
524 1028 672 1120 obviam
695 1031 752 1117 ire
774 1027 887 1141 cupit.
904 1035 919 1046 “’
947 1030 1236 1119 Cammtndctor
1256 1033 1446 1348 Κεβῖ
1600 1050 1606 1056 ·

223 1156 333 1254 nius,
363 1147 425 1267 qui
451 1142 606 1250 nonita
656 1141 773 1230 tidem
785 1141 938 1232 Albano
962 1144 1071 1230 Daci
1091 1143 1131 1230 in
1153 1137 1297 1259 Belgio
1331 1175 1355 1232 u
1388 1172 1445 1232 ct-

1396 1257 1458 1424 ist.

223 1288 288 1354 tus
299 1263 472 1380 fuerat,
500 1255 601 1369 &ip
619 1284 638 1342 e
654 1253 815 1372 incusat
830 1255 1062 1344 tarditatem
1089 1257 1321 1372 cortiliorum

217 1377 456 1493 partitorum.
512 1365 693 1484 Hoppcri
711 1368 865 1482 negotia
894 1364 1104 1480 domestica.

224 1581 303 1852 ἕ.
327 1679 366 1754 Ρ.
390 1673 597 1754 Reverende
619 1666 752 1747 Presui.
800 1669 949 1776 'inmersi
966 1673 1026 1780 qui
1049 1672 1109 1746 has
1126 1673 1273 1768 perfert,
1295 1623 1455 1750 nondum

301 1794 402 1851 vetus
426 1774 507 1853 itte,
535 1783 639 1853 quem
666 1779 745 1831 cum
768 1779 856 1832 vens
880 1767 1037 1836 remeius
1062 1768 1288 1857 adornamus,
1314 1776 1332 1860 (
1343 1772 1456 1843 solum.

208 1873 317 1952 enirn
340 1885 420 1938 curn
446 1857 592 1953 pecunia
608 1853 718 1928 subito
733 1852 926 1944 mittitur),
949 1875 1020 1936 non
1036 1861 1133 1948 potui
1152 1877 1263 1935 tumen
1283 1863 1457 1953 emittere,
1513 1879 1517 1893 ·

226 1967 312 2060 quin
333 1962 392 2033 bas
408 1957 549 2045 darem
569 1970 695 2046 nempe
710 1966 751 2022 ut
763 1947 965 2058 Amplitucio
980 1949 1089 2026 uestra
1106 1953 1291 2050 intelligat,
1314 1977 1378 2035 nos
1400 1975 1457 2034 to·

226 2076 282 2136 tos
302 2059 338 2134 in
353 2059 421 2132 hoc
439 2053 529 2142 effe,
551 2069 616 2126 nec
634 2045 729 2124 aliud
748 2042 839 2119 suurn
858 2044 1068 2139 Mepstatem
1089 2048 1216 2125 dies&
1236 2053 1354 2128 nostes
1376 2076 1457 2152 age-

227 2177 293 2246 re,
309 2157 414 2249 quim
432 2167 472 2224 ut
486 2147 645 2224 omnibus
662 2141 916 2218 cundemomni
941 2164 984 2218 ex
1007 2159 1098 2237 parte
1121 2145 1262 2225 satisfiat.
1309 2149 1357 2223 Et
1382 2154 1458 2245 qui--
1551 2197 1556 2206 -

228 2253 309 2338 dem
335 2246 542 2329 veriffimum
569 2243 636 2316 eise
656 2239 806 2332 censeo,
837 2239 932 2334 quod
956 2241 1155 2338 Amplitudo
1179 2245 1287 2321 vestra
1313 2247 1460 2340 scribit,

150 2343 163 2358 “
229 2350 375 2424 nostram
397 2343 583 2424 tarditatem
604 2357 817 2430 nunpurum
835 2337 1023 2424 autirorituti
1045 2339 1173 2415 domini
1187 2340 1454 2418 Commendare·

229 2447 273 2529 m
293 2443 489 2528 demun,
511 2434 673 2534 quadret.
687 2432 766 2528 ipse..
776 2433 874 2510 tacite
891 2433 954 2510 suis
972 2436 1008 2508 in
1033 2433 1150 2511 litteris
1172 2437 1245 2514 sacis
1260 2441 1344 2515 mibi
1361 2442 1463 2538 igni-

228 2542 317 2625 fiect.
362 2538 579 2629 Nec'parum
600 2549 668 2608 noc
688 2529 838 2618 sollicitos
856 2531 982 2622 habet,
1003 2535 1099 2630 quod
1120 2535 1214 2636 bonn
1235 2535 1343 2612 vestm
1363 2560 1461 2614 novn

228 2631 539 2728 ntiddetburgenfin
564 2643 737 2720 tantopere
763 2625 916 2719 mudantt
945 2647 1089 2704 ventum
1115 2643 1228 2706 umen
1248 2635 1487 2729 aliquando,-

161 2731 167 2748 '
231 2735 330 2810 etiem
347 2727 567 2825 atque-etium
585 2746 646 2820 per
660 2724 731 2800 Dei
749 2725 887 2818 gretiam
902 2724 1085 2820 speremus..
1362 2771 1363 2776 Ν

279 2831 396 2920 Atque
411 2831 479 2902 huc
501 2823 655 2919 puubio,
677 2819 761 2894 dum
777 2824 854 2896 baec
870 2821 1003 2916 scribo,
1024 2821 1168 2898 veniunt
1183 2823 1264 2898 mibi
1283 2825 1401 2900 litterae
1415 2827 1463 2900 ab·

232 2925 290 3000 sua
309 2921 508 3015 Maiestate,
530 2920 656 3014 quibus
675 2916 812 3008 scribit,
834 2919 976 3014 proprio
991 2933 1109 3008 motu,
1133 2921 1167 2994 se
1187 2921 1255 2996 sure
1275 2923 1380 2997 dubio
1397 2926 1461 2997 mi·
1608 2935 1610 2945 ’

233 3021 374 3193 Ιὲἱωοκ
401 3033 481 3156 ¹vera
508 3017 589 3114 illa,
612 3033 690 3128 quae
716 3013 808 3106 dixi,
838 3016 1019 3094 misturam.
1064 3017 1171 3119 Quod
1195 3018 1293 3097 Deus
1316 3019 1398 3094 faxit
1420 3041 1466 3097 ac·

250 3129 409 3190 urtunet.
894 3169 896 3174 -
1213 3123 1217 3133 '
1381 3164 1385 3177 ,

282 3210 365 3288 Uni
381 3211 481 3284 etiem
498 3209 616 3298 ibunt,
637 3206 720 3282 Deo
737 3205 893 3298 favente,
916 3206 985 3284 stne
1003 3209 1078 3283 uilo
1096 3210 1203 3286 dubio
1229 3197 1472 3308 expedicionem

236 3303 482 3400 bechonem,
502 3305 713 3394 Gerbrundi,
741 3303 802 3396 qui
832 3325 875 3378 ne
904 3305 1011 3380 hilum
1041 3308 1180 3400 quidem
1205 3331 1320 3383 eorum
1352 3310 1470 3385 sciunt

235 3425 315 3498 quae
335 3397 584 3570 aguntumstsed
608 3398 775 3493 accipient
796 3402 909 3477 omnia
931 3401 976 3477 du
1002 3425 1109 3480 manu
1122 3407 1365 3502 Amplitudinis
1388 3408 1468 3482 vei}

238 3515 320 3585 tre,
343 3511 395 3576 uu
409 3515 506 3589 pare
830 3559 834 3566 .

286 3592 460 3694 Quoniam
486 3609 598 3682 neque
625 3607 738 3663 meum
754 3587 800 3662 de
825 3588 883 3663 sex
901 3595 1065 3678 millibus,
1088 3613 1201 3683 neque
1219 3593 1334 3683 generi
1352 3612 1466 3685 nego»
1586 3613 1595 3630 ·

236 3689 427 3770 tiumDuu
442 3685 594 3762 Albanus
609 3683 775 3769 absolvit,
794 3689 814 3773 (
822 3702 887 3753 nec
902 3689 986 3757 verb
1009 3687 1100 3757 aliud
1126 3686 1195 3777 ipse
1219 3685 1467 3780 expectabam,

241 3785 300 3861 sed
324 3783 547 3866 conueniunt
573 3781 680 3854 errice
703 3799 783 3852 cum
809 3795 852 3847 eo
875 3776 1033 3872 apere),
1059 3779 1168 3853 scribit
1190 3779 1287 3873 super
1310 3799 1470 3880 utroque·

242 3882 323 3958 Rex
350 3882 393 3957 ad
418 3875 594 3956 deminum
621 3868 939 3947 Commendatorem
966 3872 1159 3965 majorem,
1188 3891 1293 3970 prout
1317 3899 1380 3974 per
1401 3903 1461 3956 co·
1573 3919 1581 3934 ·

242 3977 331 4072 piam
353 3979 411 4052 bic
433 3974 583 4070 jureum
602 3967 804 4064 Amplitudo
822 3965 931 4040 vestra
955 3961 1106 4045 videre*
1124 3972 1270 4066 placebit
1291 3996 1303 4048 e
1335 3978 1456 4053 additis
1475 4016 1639 4086 enm„

242 4093 345 4168 porro
372 4071 475 4165 copiis
500 4071 686 4152 liternum,
710 4085 793 4159 quus
808 4061 865 4136 sua
888 4065 1042 4159 Maiestas
1063 4070 1106 4144 nd
1127 4069 1262 4144 Ducem
1290 4075 1464 4150 Albanum
1612 4115 1618 4124 ·

240 4168 386 4264 scripsrt,
410 4183 483 4241 tum
502 4165 642 4265 quidem
659 4161 758 4255 super
777 4159 872 4236 ditiis
888 4161 946 4235 sex
960 4163 1121 4254 millibus,
1144 4168 1227 4240 ultra
1243 4171 1321 4244 aliae
1343 4173 1460 4265 Hispa·

241 4267 357 4360 nicas,
380 4281 453 4340 tum
472 4283 555 4338 vero
570 4261 670 4358 super
687 4257 777 4333 dicto
795 4259 935 4352 negotio
957 4261 1073 4353 generi
1093 4262 1180 4352 mei,
1203 4283 1284 4354 quas
1302 4287 1346 4340 ex
1363 4267 1463 4344 cause

242 4382 419 4466 nunquam
437 4357 547 4440 censui
563 4357 612 4438 eci
628 4359 766 4439 Ducem
782 4355 1101 4450 mittendas„d0nec
1120 4359 1164 4436 de
1182 4363 1353 4440 volentate
1370 4367 1461 4443 illius
