3746 5142
427 495 519 592 ‚168
575 487 889 613 'Joncrrntt
916 483 1543 580 tropon-rtrnprsronm

433 657 482 733 set
507 679 517 729 e
538 659 599 752 qui
615 657 640 729 st
658 653 810 741 recuset,
832 633 1025 724 nominatur
1043 646 1193 723 Dtiutius
1210 639 1396 736 noster3'in
1411 645 1511 738 euius
1530 647 1649 722 locun

431 753 630 827 Leovardiae
654 749 819 824 sufficitur
844 746 1026 834 Cunctos,
1048 741 1161 816 Pastor
1176 741 1398 817 lovaniensis.

428 877 430 882 ·
477 847 586 920 Miror
610 848 684 942 quis
709 843 889 918 Comitislae
905 838 1133 934 ligmondensr
1154 837 1274 911 author
1292 837 1417 923 fuerit,
1440 830 1650 910 ot‘Conslto
1784 821 1791 830 ’

420 941 618 1016 ·Brabantiae
639 942 858 1036 supplicarem
882 938 939 1010 cui
962 939 1051 1008 certe
1071 937 1176 1023 Dux,
1197 933 1321 1025 plane,
1335 932 1390 1040 'uti
1409 944 1563 1024 oportun·
1585 933 1651 1003 res·

430 1038 562 1130 pondit.
609 1039 710 1111 Betfii
737 1037 871 1123 casum,
900 1034 1077 1104 amicorum
1099 1031 1222 1114 causi,
1245 1029 1413 1118 mamone
1431 1027 1543 1098 doleo.
1589 1025 1646 1120 ln

372 1127 375 1142 ’
430 1134 466 1206 se
492 1136 588 1226 quod
615 1155 708 1206 nunc
725 1131 858 1226 erupit,
879 1128 954 1203 satis
974 1126 1104 1220 semper
1117 1145 1189 1220 prae
1211 1121 1245 1196 se
1267 1121 1365 1214 tulit,
1385 1122 1424 1195 dc
1438 1119 1577 1212 aliquot·
1589 1137 1648 1194 att-

430 1228 483 1306 nis
497 1252 517 1304 a
532 1251 587 1304 me
604 1228 774 1304 abstinuit„

422 1321 424 1326 ’
477 1323 535 1400 De
561 1327 746 1400 studiorum
770 1321 935 1401 Vibrandi
954 1318 1083 1414 optimo
1103 1313 1274 1410 progressu
1301 1313 1402 1422 etiarn
1424 1329 1524 1407 atque
1550 1312 1648 1387 edam

419 1420 594 1512 ¹gaudeo,
616 1441 698 1492 cum
712 1421 820 1506 illius,
833 1435 905 1490 turn
924 1411 1164 1504 Amplinudinis
1178 1406 1294 1480 vestrae
1308 1407 1510 1515 ponffimtim
1526 1413 1645 1485 carisi:

429 1533 529 1603 quam
558 1529 688 1585 cetrum
706 1513 838 1599 habeo,
860 1510 965 1583 multb
991 1503 1097 1595 magis
1120 1503 1166 1576 de
1186 1499 1505 1607 praeclunslimotum
1529 1505 1648 1578 studio-

426 1626 505 1678 tum
529 1604 686 1690 suorum,
709 1609 810 1692 quam
838 1603 1006 1672 bonorum
1026 1599 1165 1688 egregio
1185 1595 1299 1683 atquo
1322 1595 1504 1670 successore
1522 1601 1648 1674 laboru-

412 1718 473 1787 re
505 1697 648 1790 Aequo
666 1695 770 1790 magis
786 1695 876 1766 ultro
898 1703 1087 1764 currentem
1100 1690 1258 1792 incitem,
1281 1705 1353 1762 non
1367 1693 1519 1762 omittam
1535 1695 1650 1786 prori-

426 1792 488 1864 mis
504 1793 588 1865 meis
604 1793 705 1866 literis
719 1813 800 1864 eum
823 1787 1038 1874 collaudare,
1060 1784 1099 1857 bt
1116 1783 1161 1856 ad
1174 1799 1296 1872 majore
1314 1785 1489 1860 exhortari.

414 1887 419 1906 ‘
474 1886 582 1982 Quod
596 1888 732 1960 domina
748 1884 885 1958 Docilia
898 1882 942 1954 de
954 1881 1062 1974 Regis
1076 1879 1228 1952 adventu
1243 1875 1454 1972 desperabat,
1477 1901 1558 1956 eum
1576 1903 1648 1957 non

260 1974 270 1994 ⁸
414 1981 541 2078 'prucis
562 1984 632 2056 hoc
655 1981 702 2054 illi
729 1997 912 2055 commune
929 1977 990 2052 est.
1007 1975 1253 2049 Petslattamen
1268 1976 1377 2054 verbis
1404 1976 1462 2056 sua
1483 1978 1650 2068 Maiestas

414 2075 569 2166 ,omnino
590 2075 624 2151 se
640 2077 782 2165 ituram,
807 2075 845 2150 δι
861 2074 960 2148 mitto
977 2093 1058 2144 cum
1072 2071 1124 2144 bis
1141 2075 1326 2151 extractum
1345 2069 1435 2165 ejus,
1456 2075 1552 2167 quod
1570 2095 1650 2149 curn

871 2166 1651 2338 urente

424 2271 731 2458 {luadffvestrffegsso
745 2287 912 2438 animgofit
935 2285 1095 2434 dislal'sua
1108 2289 1293 2452 megisto
1304 2312 1378 2439 ‘'cui
1390 2287 1650 2454 accednqrfod

426 2460 549 2534 abhinc
564 2459 709 2534 biduum
728 2460 839 2533 tenuis
854 2479 968 2533 tumor
983 2455 1027 2528 de
1045 2455 1146 2529 itione
1164 2460 1267 2552 coepit'
1284 2454 1534 2533 increbrescere.
1568 2459 1649 2551 Ego

425 2555 469 2628 ad
494 2577 634 2629 uxorem
659 2555 764 2630 scribo
785 2557 922 2648 Regem
946 2549 1085 2644 jullisle',
1113 2553 1406 2645 quemadmodum
1431 2572 1483 2624 res
1508 2549 1575 2640 est,
1604 2567 1647 2626 ut

412 2648 652 2744 vDenneterius
675 2667 877 2746 procurrat,
900 2649 940 2722 dc
955 2651 999 2722 de
1022 2647 1170 2721 adventu
1196 2671 1276 2724 meo
1296 2670 1378 2724 cum
1400 2645 1455 2720 sua
1478 2643 1649 2738 Maiestate

427 2748 594 2822 nuncium
611 2747 643 2823 ei
661 2761 774 2841 portet
799 2769 809 2820 ι
835 2745 873 2822 bt
887 2760 963 2818 tum
981 2763 1053 2817 non
1077 2743 1232 2837 omittat,
1255 2747 1364 2842 quin,
1386 2743 1479 2834 quali
1494 2742 1555 2816 sub
1573 2745 1646 2816 Au-

426 2841 563 2936 gustum
577 2844 647 2916 lruc
663 2841 879 2936 profectura,
900 2841 935 2915 se
954 2855 1125 2934 praepttet
1174 2841 1211 2916 Si
1231 2843 1316 2934 quid
1331 2839 1421 2912 aliud
1435 2839 1588 2928 accidet,
1609 2841 1646 2914 in

424 2937 524 3016 lucro
548 2939 740 3034 pttmbitur3
762 2939 891 3032 quade
916 2955 954 3009 re
978 2952 1128 3010 extremo
1152 2937 1248 3013 Maio
1264 2938 1359 3049 ssltm'
1380 2935 1499 3008 seciam
1525 2933 1644 3008 certio-

425 3053 745 3205 ren(²3⁶ommentatios
762 3127 892 3202 domini
909 3127 1072 3224 Jansenii,
1095 3149 1240 3223 quorum
1257 3132 1293 3207 in
1306 3127 1405 3205 literis
1421 3125 1484 3200 lx.
1501 3125 1646 3199 Februo·

411 3221 463 3296 'rii
489 3225 594 3312 datis,
616 3226 655 3297 fit
679 3227 831 3315 mentio,
858 3223 955 3296 valde
982 3225 1123 3318 optarim
1146 3225 1286 3316 uidem
1317 3247 1380 3300 nec
1407 3243 1475 3296 non
1503 3223 1644 3297 Lindani

423 3315 716 3402 nostrumnon,
738 3339 850 3411 quos,
871 3335 1036 3408 quantum
1058 3339 1103 3394 ex
1128 3320 1228 3413 ipsius
1254 3323 1354 3396 literis
1379 3318 1554 3412 intelligo,
1577 3319 1644 3410 jam

422 3413 458 3487 in
476 3411 589 3486 lucem
603 3411 758 3503 prodiisse
774 3411 931 3504 suspicor.
972 3411 1065 3487 Cum
1080 3414 1203 3508 quibus
1216 3414 1378 3513 coniungi
1392 3431 1544 3508 optarem
1557 3413 1646 3487 Psal-

423 3529 499 3584 mos
524 3527 568 3583 ex
592 3507 746 3582 versione
769 3505 1001 3598 Collellionis3
1029 3528 1106 3583 nun
1130 3511 1165 3584 in
1184 3535 1228 3587 eo
1251 3513 1364 3587 studio
1383 3509 1527 3586 subinde
1553 3529 1645 3613 nuuc

424 3604 563 3800 vegffid
585 3703 630 3776 de
647 3699 833 3779 Proiellote
846 3699 1072 3778 Decretorum
1093 3703 1208 3801 Regio
1228 3705 1284 3781 sue
1301 3703 1459 3802 Maiestas
1482 3667 1640 3789 statuent,

419 3817 467 3870 err
481 3801 586 3875 literis
603 3801 703 3896 ipsius
727 3799 928 3895 Amplitudo
944 3799 1050 3875 vestm
1066 3802 1242 3897 intelliget.
1282 3803 1370 3878 Vult
1385 3801 1474 3875 enim
1493 3797 1642 3871 Gratiani

420 3909 500 3965 eam.
515 3911 644 3986 partem
662 3897 759 3991 legi,
787 3917 864 3991 quae
880 3896 923 3969 ad
940 3893 1148 3972 clericorum
1167 3899 1313 3972 instituta
1326 3897 1496 3990 vitamque
1513 3893 1548 3965 du
1567 3914 1642 3966 mo·

405 4001 474 4052 ,res
497 3989 664 4076 pertinen
687 4013 843 4065 necnon
861 4011 955 4080 mm,
977 4011 1054 4082 quae
1072 3993 1117 4064 ad
1135 3993 1373 4070 Sacramenta:
1397 3988 1557 4086 judicialia
1578 4005 1639 4058 ³¹1·
1785 4061 1791 4072 .

420 4088 492 4186 tem
513 4081 678 4154 ordinario
695 4081 832 4190 Lectori
854 4085 1009 4174 relinqui.
1057 4085 1227 4162 Omnibus
1243 4107 1381 4180 autem,
1404 4103 1469 4160 tam
1486 4083 1642 4157 Theolo-

418 4173 1139 4350 steinenbrunnen
1160 4187 1310 4355 “llll
1324 4178 1643 4352 nm

418 4364 527 4444 stetim
542 4364 585 4441 ub
605 4365 698 4443 initio
714 4364 874 4463 juventur
893 4389 1012 4448 eorum
1029 4299 1415 4469 comrgrgoenmm
1539 4411 1544 4422 ·
1593 4375 1597 4384 '

1532 4463 1638 4566 Quod

1863 2545 1867 2636 l

1865 2639 1867 2744 l
