3736 5140
173 485 174 490 i
265 523 1275 634 nuuomnrnnrrrnztncunnrunr.
1330 547 1416 658 ui

192 707 275 788 quoe
296 696 331 771 se
345 697 497 776 offerent
516 703 611 795 plura
636 700 798 788 scripum,
820 699 859 772 ἀ
882 695 926 772 ed
948 697 1083 793 plures,
1104 699 1149 773 ad
1170 718 1257 794 quos
1281 696 1416 792 publicu

196 795 333 962 uepJotia
353 816 449 869 nunc
472 818 545 872 non
565 799 736 891 patiuntur
758 794 908 870 sennen.
1238 799 1242 821 ⁸

279 891 355 962 elim
368 891 529 985 gratiam,
550 915 651 988 quarn
673 893 818 987 publicae
837 888 961 965 laet’uiae
978 887 1076 965 causi
1089 890 1312 968 illustriffinus
1330 889 1417 970 Dux
1530 910 1537 922 ’

191 987 383 1080 proponit,
415 988 452 1060 δι
476 1010 540 1063 nos
561 991 747 1064 concessam
775 987 959 1078 mittimus,
982 987 1138 1062 lurionem
1162 991 1227 1061 effe
1248 1010 1261 1058 c
1285 987 1344 1060 sed
1369 1005 1419 1060 nr·

196 1097 279 1154 men
296 1081 397 1156 mnor
411 1085 520 1157 adhuc
539 1101 667 1160 orntum
691 1084 844 1158 concedi.
890 1082 981 1156 Num
998 1104 1108 1175 nuper
1125 1085 1204 1156 cunr
1217 1084 1297 1156 hinc
1321 1103 1417 1174 quae·

197 1171 275 1248 dan
294 1175 490 1270 hujusmodi
507 1198 800 1274 proponerentur,
832 1180 958 1254 coelum
977 1177 1142 1252 ruiturum
1168 1176 1367 1262 videbatur,
1388 1175 1417 1248 si

193 1270 253 1342 vel
268 1274 370 1346 lutum
390 1293 537 1371 unguem
553 1277 596 1350 ab
613 1278 749 1368 antiqua
770 1273 873 1369 gratia
892 1269 1191 1364 recedereturrsed
1212 1272 1259 1343 iu
1283 1290 1336 1341 res
1358 1265 1421 1357 est,

195 1365 363 1462 quidquid
380 1369 459 1442 hinc
478 1375 594 1462 venit,
616 1373 755 1464 sordet,·
777 1369 940 1465 quicquid
960 1367 1098 1458 isthinc,
1118 1367 1223 1442 fecie.
1255 1363 1324 1441 Sed
1347 1384 1420 1442 nou
1454 1387 1459 1392 ·

196 1461 320 1552 refert,
336 1465 524 1542 dummodo
541 1470 629 1544 berre
645 1470 714 1544 fiat.

216 1622 220 1630 .
243 1557 330 1632 Non
346 1561 466 1634 dubito
490 1567 574 1658 quin
585 1564 734 1638 Visrtatio
747 1561 959 1658 Burgurdicu
980 1581 1116 1660 magnus
1132 1557 1232 1636 vobis
1255 1555 1421 1635 molestius

188 1646 300 1726 dabit.
348 1662 465 1749 Atque
479 1659 572 1736 iraud
587 1662 675 1749 scio,
695 1679 740 1732 un
758 1660 802 1732 od
824 1676 891 1730 um
910 1659 1060 1748 minuta,
1082 1661 1185 1752 quim
1201 1657 1325 1746 audio,
1347 1653 1422 1730 des

191 1749 341 1822 *cendere
358 1773 444 1841 opus
461 1775 542 1825 erar.
567 1757 636 1826 Sed
652 1775 717 1852 nec
732 1754 815 1824 uolo
831 1774 897 1822 nec
915 1755 1047 1840 possum
1064 1754 1108 1826 de
1125 1754 1268 1844 iis,quae
1286 1751 1420 1846 ignoro,

193 1839 352 1932 iudicate.
399 1844 504 1915 Certe
534 1843 691 1916 dominus
718 1841 902 1914 Cardinulis
921 1841 984 1914 fibi
1007 1863 1080 1916 non
1109 1847 1288 1937 placuisse,
1316 1845 1420 1916 semei

193 1953 301 2028 atque
318 1937 442 2010 iterum
456 1937 503 2007 ui
527 1957 584 2010 rue
602 1933 799 2027 perscripsit.

216 2095 222 2104 .
244 2027 307 2104 Est
322 2030 412 2106 inter
429 2048 566 2107 caeteros
581 2031 625 2106 ab
646 2029 760 2104 officio
778 2027 949 2122 suspensus
972 2029 1075 2104 inter
1090 2029 1243 2104 Tartarei
1264 2027 1322 2106 bic
1341 2029 1420 2116 nos·

198 2121 264 2216 εἰς
287 2129 349 2218 qui
374 2123 455 2202 nihil
476 2126 566 2202 aliud
590 2127 717 2203 favoris
743 2124 829 2220 petit
849 2131 952 2218 quirn
978 2145 1018 2199 ut
1041 2125 1127 2202 inter
1145 2127 1291 2218 primas,
1311 2125 1421 2204 sutrin

195 2221 1275 2418 ‘rururiruuununu,urrunnu
1295 2243 1419 2391 eru

215 2385 223 2396 .
705 2369 718 2406 q
1207 2373 1215 2390 r

196 2409 336 2504 villius,
357 2414 439 2488 nrihi
461 2413 648 2509 scripsistis,
670 2433 732 2510 per
748 2433 814 2488 uos
836 2435 908 2486 non
923 2411 1110 2508 sture,quo
1125 2411 1293 2502 minusad
1311 2413 1423 2486 literar

194 2511 325 2584 nostras
351 2510 615 2605 respondeatur,
638 2507 840 2585 ueriffinrrnn
866 2510 1003 2602 quidem
1028 2509 1103 2599 est3
1130 2507 1191 2582 sed
1218 2529 1308 2602 ego,
1337 2525 1419 2581 cunr

197 2605 323 2696 quibus
344 2625 462 2701 egam,
481 2609 566 2682 aiios
591 2629 661 2683 non
679 2606 813 2698 habene
835 2603 873 2678 δι
891 2607 1033 2698 plurima
1058 2606 1170 2678 ndhuc
1195 2619 1331 2676 nnnent
1358 2602 1421 2674 iru-

197 2699 350 2794 persestu
372 2702 530 2798 negotia,
549 2725 627 2797 quae
643 2721 709 2797 ego
724 2705 817 2778 certo
838 2701 907 2775 scio
928 2700 963 2774 in
982 2701 1116 2775 confiiio
1131 2701 1322 2772 Turbaturn
1348 2709 1425 2772 non

198 2795 359 2887 asieri,
388 2799 425 2871 su
453 2799 489 2874 in
512 2799 676 2894 potestate
704 2796 946 2892 Amplitudinis
962 2795 1082 2872 vestrae
1104 2794 1242 2868 minime
1258 2792 1334 2866 esse.
1352 2791 1423 2868 Sed

197 2891 498 3064 *selisgafflfflfloe
512 2914 552 2970 eu
568 2915 643 2990 quae
657 2893 717 2990 ipfi
729 2914 804 2970 uon
815 2893 979 2988 possunt,
1000 2914 1062 2988 per
1073 2891 1159 2988 plius
1177 2891 1291 2964 sutem
1312 2886 1424 2964 conii·

195 3003 273 3062 cren
331 3009 460 3066 curare.
1406 3049 1409 3056 ⁴

212 3155 216 3164 .
243 3083 300 3158 De
317 3085 393 3159 Sole
412 3087 531 3164 Retico
547 3103 742 3183 pergratum
758 3086 824 3162 suit
840 3083 907 3160 sure
920 3079 1085 3177 Majessnti
1099 3082 1196 3178 quod
1216 3078 1421 3174 Ampiitudo

195 3179 326 3268 uestra,
348 3181 387 3252 δι
406 3183 766 3271 Amsterodamenses,
795 3183 912 3256 adme
937 3179 1206 3277 perscripserunt.
1254 3175 1421 3274 Juffitque

198 3271 441 3368 uexquaeuam
455 3279 522 3351 ana
537 3281 729 3374 perquirere
740 3278 806 3371 ,de
821 3279 944 3372 quibus
958 3275 1135 3373 proxime,
1157 3275 1239 3350 Deo
1256 3275 1420 3365 volente,

197 3366 338 3444 scribam
357 3375 455 3445 latius
471 3375 514 3444 ad
534 3375 707 3468 utrosque.
1007 3385 1012 3396 “

247 3465 447 3540 Dedomini
468 3467 630 3564 Meghrni
647 3487 753 3545 morte
766 3471 948 3568 plurinum
968 3467 1084 3560 dolui3
1103 3469 1247 3562 uultque
1268 3463 1325 3539 suu
1342 3465 1419 3540 Mr-

26 3563 38 3572 ’
198 3557 298 3658 jesias
315 3561 493 3636 deruenre
506 3583 607 3656 quem
627 3567 663 3640 in
678 3565 753 3658 eius
766 3571 880 3658 iocurn
898 3567 939 3640 srr
955 3565 1142 3640 susi'eeiun.
1183 3563 1422 3635 contendunt-

199 3677 271 3752 que
295 3677 365 3730 non
387 3677 501 3754 parurn
522 3682 582 3753 per
606 3661 714 3737 iitenu
738 3663 900 3736 dominus
915 3659 1204 3746 Benayrnonrius,
1230 3655 1266 3723 or
1281 3653 1421 3724 dominu
1481 3699 1486 3708 -

199 3753 461 3849 Arenbergenfis
483 3775 548 3846 pro
567 3755 635 3826 suis
649 3757 779 3844 quique
801 3751 886 3824 filiis.
934 3751 982 3819 Er
996 3767 1162 3838 qruntum
1184 3747 1227 3815 ad
1251 3745 1420 3834 Equitum

200 3845 457 3938 Praereuunn,
480 3865 601 3940 petunt
622 3846 722 3920 etiarn
742 3865 813 3916 eum
837 3840 1013 3924 nonnulli,
1036 3857 1155 3932 praeter
1175 3837 1351 3908 dominum
1374 3839 1420 3911 de

201 3939 387 4040 anrecq,
408 3965 512 4039 quern
527 3941 625 4036 ipsius
646 3937 744 4013 causi
762 3957 887 4032 magno
902 3933 1004 4008 veiim
1019 3955 1088 4010 non
1102 3927 1295 4008 inconsulto
1306 3931 1421 4032 Rege,

199 4057 262 4120 uut
277 4045 369 4111 certe
385 4041 486 4116 Duce
497 4094 509 4126 ,
520 4041 653 4132 nuptias
664 4030 868 4110 contraxisse,

247 4131 285 4204 sn
302 4137 440 4226 negotio
461 4137 589 4210 domini
605 4129 763 4226 Episcopi
779 4129 955 4224 Brugensrs
972 4123 1122 4219 Druiu'i,
1137 4149 1239 4206 ornne
1253 4128 1423 4224 perliben-

200 4225 393 4309 ursacium
417 4229 593 4320 officium,
615 4229 817 4320 scribamque
835 4229 879 4302 ad
903 4245 982 4300 eunr
1010 4231 1163 4320 proxime
1188 4227 1234 4300 de
1260 4247 1304 4300 eo
1327 4220 1424 4313 quod

202 4314 296 4396 uun
312 4342 397 4414 opus
414 4315 590 4402 videbitur.
637 4325 718 4400 Nec
737 4325 913 4418 omittam,
942 4323 1024 4418 quin
1047 4325 1177 4399 domini
1197 4323 1242 4396 de
1266 4319 1424 4414 chquu

202 4418 678 4531 reninmenorinhnbeanr,
776 4527 781 4538 ·
982 4507 1066 4592 v·
