3746 5142
287 487 643 586 :Aosvronnnr
658 487 716 576 re
741 483 1318 584 Amunnmcemmum.
1350 503 1431 614 189

207 659 331 755 aliquid
357 665 504 728 atamen
530 651 555 724 ll
577 646 668 742 quid·
682 643 904 721 intercederet
924 662 1055 730 morae,
1079 645 1206 734 velim,
1236 643 1282 724 bb
1303 657 1433 732 causam

207 743 453 851 supradictam,
477 747 515 819 ὅτ
540 745 619 837 quia
645 743 758 815 itinera
787 739 903 832 gallica
929 759 1021 812 nunc
1046 739 1169 814 obsessa
1187 743 1285 834 sunt,
1310 771 1433 827 novam

206 851 348 928 concedi
365 843 639 942 prorogationem
665 838 811 911 duorum
831 835 1020 925 mensrum,
1042 857 1085 908 ne
1108 838 1253 912 absentia
1270 842 1342 917 haec
1357 849 1434 922 nos-

206 967 258 1025 tra
278 947 377 1042 apud*
387 940 573 1037 principem
593 935 689 1008 nobis
709 933 748 1005 fit
764 931 934 1004 damnosa.

256 1042 428 1156 Quoniam
448 1035 546 1110 brevi
567 1033 711 1124 aliquem
735 1026 778 1099 de
792 1026 877 1100 meis
892 1027 978 1101 istuc
990 1027 1063 1102 sum
1082 1025 1255 1123 missurus,
1278 1037 1434 1113 Ecclesrir

14 1067 16 1082 .
82 1127 89 1142 ·
207 1135 476 1233 ,metensibus
494 1131 683 1202 tumetiam
702 1123 923 1217 respondebo.
970 1124 1060 1198 Nam
1082 1125 1146 1218 jam
1161 1115 1273 1204 ter'de
1291 1139 1432 1228 negotio

210 1257 332 1310 eorum
353 1228 451 1304 retuli
475 1226 519 1300 ad
544 1223 636 1296 suam
658 1219 868 1331 Maiestatem
886 1219 989 1332 3.s²d
1006 1220 1131 1298 distulit
1156 1225 1288 1319 semper
1305 1230 1432 1305 resolu÷

208 1333 362 1418 tionem,
386 1323 529 1399 maximo
543 1319 655 1413 primis
673 1317 820 1405 drebus,
843 1315 890 1387 ob
910 1317 946 1388 rd
971 1317 1068 1408 quod
1086 1319 1315 1412 profecturam
1333 1324 1367 1398 se
1383 1327 1432 1399 di

209 1443 303 1500 cerer
325 1446 335 1496 z
360 1419 455 1517 qnod
471 1417 558 1513 ipsos
579 1416 670 1488 bona
691 1413 801 1504 aliqua
827 1412 1002 1488 occalione
1032 1413 1074 1487 ab
1094 1418 1326 1511 Amplitudlne
1346 1421 1431 1502 ves,

209 1539 258 1596 tra
273 1521 453 1614 necligere
477 1513 588 1590 velim.
1172 1575 1176 1584 ,
1307 1561 1311 1568 ,

256 1619 313 1692 Acl
339 1614 510 1690 dominam
532 1606 823 1702 Arenbergensern
853 1607 975 1682 abhinc
1001 1606 1135 1705 aliquot
1159 1609 1278 1688 diebus
1304 1613 1428 1711 scripsi.

205 1713 293 1792 Non
309 1713 460 1790 omittam
478 1707 729 1806 proeaoonari
746 1719 907 1798 qruntum
929 1725 1064 1800 queam
1420 1740 1424 1749 ν

216 1923 257 2032 j.
381 1857 930 2020 ,mersromn
1012 1915 1174 2000 nvn

262 2136 382 2222 Ano.
412 2123 504 2210 Rex
536 2118 716 2232 Happeri
757 2114 873 2226 operti
911 2135 1043 2210 carere
1065 2113 1111 2229 fr
1146 2139 1222 2203 non
1244 2118 1431 2231 patitur,

208 2263 325 2352 atque
345 2230 437 2324 adeo
461 2235 543 2318 eum
572 2232 610 2316 in
637 2225 837 2354 [dispansa
866 2225 1017 2312 retinet.
1074 2227 1229 2319 Caetera
1251 2233 1434 2348 domestici

209 2349 261 2451 83
278 2345 435 2436 minoris
458 2362 689 2456 argumente,
702 2382 719 2422 ν.

211 2553 289 2754 S.
311 2653 351 2728 P.
387 2653 516 2747 Quioae
539 2647 664 2726 vestrm
686 2649 815 2738 literae,
837 2646 1043 2724 Reverendo
1065 2645 1210 2738 Prosus,
1233 2651 1278 2726 ad
1300 2649 1432 2730 XXlls.

208 2753 247 2822 dc
272 2749 404 2824 XXVI.
432 2749 536 2846 Julii,
560 2768 713 2842 necnon
733 2747 785 2828 ad
805 2746 846 2820 ll.
873 2746 919 2819 V.
949 2747 986 2820 &
1009 2747 1069 2820 IX.
1093 2745 1241 2840 Augusti
1272 2748 1431 2844 scriptas,

206 2847 348 2940 accepi,
386 2845 429 2919 ad
460 2865 544 2939 quas
567 2863 630 2936 per
660 2843 850 2930 cursorem,
883 2861 988 2934 quem
1016 2862 1192 2936 paremus,
1231 2843 1268 2916 dr
1295 2843 1429 2922 fabrum

205 2963 345 3029 meum,
368 2963 471 3034 quem
493 2961 556 3033 pro
570 2947 687 3014 'uxore
718 2939 914 3019 accersenda
940 2939 1056 3028 mitto,
1086 2938 1309 3033 respondebo.
1358 2941 1431 3016 Has

205 3055 318 3110 autem
337 3038 455 3109 furtim
475 3035 579 3110 scribo
594 3058 655 3129 per
672 3035 863 3121 cursorem,
886 3036 945 3126 qni
961 3038 1067 3108 nullas
1086 3035 1226 3127 privatur
1243 3037 1350 3109 literas
1368 3039 1434 3112 fer·

205 3132 712 3306 emtlellrmlle
723 3133 827 3302 lli
844 3129 938 3300 fils
955 3130 1432 3320 qlillll‘esolilfilisil

206 3324 273 3398 beo
288 3325 454 3418 amplius,
468 3331 577 3418 ,qulm
593 3250 884 3417 quorffivldiflime
900 3251 1008 3396 litedm
1024 3322 1173 3412 vestras,
1190 3324 1228 3396 dr
1245 3342 1324 3396 cum
1342 3323 1432 3401 sum-

207 3441 262 3494 ma
288 3419 502 3496 sollicitudine
525 3423 873 3512 abrumperemus,
906 3419 1096 3513 Quemnam
1124 3419 1249 3492 exitum
1285 3420 1432 3513 impetur

103 3509 108 3516 ’
205 3513 494 3592 ille'Gerroanicus
510 3515 551 3588 stt
564 3517 759 3605 habiturus,
773 3517 828 3591 vel
846 3513 910 3606 jam
929 3517 1060 3591 hebeat.
1081 3516 1164 3592 ‚Oro
1181 3533 1293 3604 eutem
1313 3515 1431 3593 Deum

207 3625 247 3684 ut
264 3608 353 3684 felix·
367 3612 405 3686 sit
418 3610 455 3684 dc
473 3611 602 3692 faustus
619 3631 657 3686 ac
671 3613 830 3688 soluturis.
874 3611 967 3688 Nam
980 3611 1108 3684 summa
1126 3631 1237 3684 rerum
1254 3610 1334 3682 inde
1358 3631 1430 3684 om·

204 3705 285 3782 rino
302 3707 611 3801 pendereuldetur.
1310 3743 1316 3754 ·

250 3803 471 3896 Dapnvaor
494 3803 691 3896 reboapost
706 3801 864 3882 diutinam
887 3798 1185 3885 deliberationem,
1208 3795 1344 3869 resolvit
1363 3811 1433 3874 tan·

204 3894 284 3976 dem
309 3901 368 3978 sua
388 3900 547 3994 Maiestas
563 3899 648 3972 Deo
663 3896 845 3991 adiuvante
862 3893 1006 3985 quidne
1024 3889 1134 3962 facere
1158 3890 1249 3966 velit.
1297 3889 1431 3976 Etenim

201 4017 282 4071 eum
315 3997 454 4076 abbiam
471 3997 597 4090 alinuot
625 3993 746 4070 diebus
776 3989 941 4069 Toletum
966 3986 1174 4068 cucurrissem
1205 3987 1315 4086 (nam
1349 3990 1430 4069 Rex

202 4091 316 4166 aberat
343 4093 520 4182 &adbuc
544 4091 637 4174 abest
662 4091 698 4164 in
725 4087 786 4164 suo
804 4081 1142 4180 monasteriolum
1159 4083 1288 4160 uisendi
1305 4092 1430 4184 maria,

207 4183 243 4255 dr
264 4189 405 4262 maxime
424 4189 609 4264 utlllillaur
627 4183 882 4273 flaminem,
906 4203 983 4277 quae
1007 4181 1053 4255 ibi
1070 4201 1195 4280 magno
1204 4183 1298 4274 ritu,
1322 4189 1431 4262 diver·

203 4277 326 4358 lilino
343 4287 579 4375 acommuui,
605 4285 822 4370 celebratur,
836 4281 1016 4368 uiderem:
1039 4279 1116 4353 inde
1140 4283 1299 4372 venissem
1324 4285 1358 4354 in
1382 4282 1431 4350 A·

201 4396 371 4473 renrues,
393 4379 451 4464 ubi
467 4383 632 4466 luculenti
645 4379 694 4484 ,iffi
709 4376 796 4454 horti
811 4375 1011 4484 suuttregii,
1028 4377 1151 4464 ‚ubier
1169 4375 1348 4460 euniberto
1369 4373 1435 4446 clo»¹
