3746 5142
421 456 501 546 192
560 425 869 545 JOACHIMI
895 415 1177 506 HOPPERI
1205 421 1530 510 EPISTOLAE

418 575 495 678 die,
518 591 597 661 Deo
619 585 772 668 volente,
802 575 1027 670 proficiscetur
1054 575 1145 672 hinc¹
1159 567 1338 650 Comelins
1357 571 1474 669 meus,
1507 553 1573 672 qni
1592 581 1638 657 de

416 663 570 766 omnibus
588 675 783 770 plenissimas
796 696 887 748 meas
904 675 1015 746 literas
1033 673 1171 746 adferet.
1217 665 1322 747 Mitto
1338 676 1426 746 enim
1443 674 1551 770 ipsum
1572 699 1639 770 pro

415 773 750 870 uxore-accersenda.
797 771 891 844 Nam
923 791 1115 864 quanquam
1142 770 1297 864 quidem‘·
1305 770 1475 862 speramus
1499 774 1636 868 Regem

410 869 566 965 proximo
596 890 678 942 vere
704 868 962 961 profecturum,
986 867 1064 958 qnia
1083 883 1197 939 tamen
1216 869 1346 960 copiam
1371 867 1456 939 mihi
1473 865 1556 941 fecit
1573 891 1636 942 vo·
1790 863 1799 880 '

411 967 525 1041 candae
541 967 677 1058 uxoris,
700 968 796 1039 nolui
810 965 1015 1037 occasronem
1032 965 1286 1056 pretermittere
1297 979 1359 1051 ,·ut
1376 948 1507 1055 psenius
1525 965 1635 1056 proxi·

283 1117 291 1132 .
408 1063 472 1138 mis
497 1063 601 1138 literis
626 1064 848 1158 perscribam,
869 1063 928 1132 ubi
955 1060 993 1132 ἀ
1019 1059 1062 1131 de
1087 1082 1130 1131 ne
1156 1061 1226 1133 otio
1253 1059 1492 1150 Amplitudinis
1519 1062 1635 1132 vestre

410 1163 509 1254 plura
531 1161 736 1249 dicam‚nec
755 1181 826 1232 non
840 1157 884 1231 de
905 1153 1155 1232 Salmanticensr
1181 1177 1221 1227 us
1236 1155 1353 1227 nostn's
1372 1154 1499 1227 clericis
1522 1176 1532 1224 ε
1556 1176 1640 1250 quo

411 1281 488 1332 aum
502 1257 612 1331 literas
630 1281 708 1330 cum
728 1257 780 1330 his
798 1255 980 1348 conjunxi,
1001 1274 1079 1344 quae
1094 1253 1221 1342 scriptae
1238 1266 1350 1333 erant,
1367 1253 1548 1342 antequam
1567 1253 1639 1325 site·

412 1374 462 1440 aa,
478 1355 721 1442 Amplitadinis
737 1354 855 1430 vestrae
874 1351 918 1423 a'd
936 1347 1023 1437 ipsos
1044 1349 1114 1418 huc
1128 1345 1367 1436 perferrentur·
1386 1381 1408 1422 -r
1429 1401 1433 1410 .
1478 1413 1482 1426 ,
1507 1379 1513 1399 ·.
1574 1383 1579 1401 ι

457 1449 570 1519 Placet
594 1445 658 1514 suae
683 1443 845 1533 majestati
874 1443 909 1511 in
935 1444 1049 1511 locam
1074 1437 1198 1510 Vesalii
1252 1437 1431 1536 Medicum
1458 1439 1638 1516 nostratem

409 1544 480 1615 huc
503 1559 648 1624 vocare3
671 1557 738 1627 qua
765 1536 809 1604 de
835 1555 869 1604 re
892 1531 1001 1604 sc'nbit
1015 1534 1060 1604 ad
1077 1489 1324 1603 ntustririimum'
1344 1531 1501 1622 Ducem,
1525 1535 1637 1613 nomi·

409 1655 492 1706 nans
516 1634 626 1725 primo
641 1631 718 1701 loco
737 1625 959 1700 Rembertum
977 1637 1165 1719 cognatum·
1179 1637 1307 1700 meum.
1353 1626 1389 1698 Is
1403 1631 1433 1701 'st
1457 1643 1571 1721 petat,
1597 1629 1640 1704 δι’

407 1729 552 1801 idoneus
571 1724 793 1820 Amplitudini
812 1723 933 1794 vestra
958 1723 1136 1810 videatur,
1158 1742 1244 1814 rogo
1266 1739 1306 1794 ut
1323 1743 1402 1795 eum
1425 1727 1518 1814 apud
1545 1723 1638 1805 suam

310 1869 315 1876 -
409 1823 650 1898 Excellentiam
673 1821 793 1892 habeat
819 1817 1108 1889 commendatum.
1165 1817 1258 1890 Nam
1284 1818 1367 1908 mihi
1392 1823 1483 1892 certe
1509 1809 1636 1917 magno

410 1921 491 1993 effer
511 1919 725 1991 solatioeum
743 1915 798 1985 hic
814 1914 977 2003 habere.‚‚
1012 2002 1014 2010 Ι
1046 1997 1049 2002 ,
1120 1989 1151 2000 ,,
1308 1995 1311 2002 .
1546 1971 1550 1980 .

425 2012 512 2088 “De
538 2036 574 2086 re
597 2008 833 2087 Daelhemensi
854 2009 1006 2104 ingentes
1023 2004 1123 2082 'etiam
1147 2019 1252 2102 ‚atque
1267 2009 1365 2084 etiam
1382 2009 1495 2084 habeo
1519 2015 1634 2108 gratias

412 2107 639 2202 Amplitudini
655 2107 799 2194 vestra,
822 2105 866 2175 de
886 2105 1097 2200 suspensione
1116 2107 1212 2180 uiron'
1230 2107 1389 2196 concessa.
1422 2108 1525 2204 Mitto
1544 2123 1632 2202 nunc

409 2207 518 2279 literas
538 2207 647 2296 Regis
669 2204 712 2276 ad
731 2203 871 2274 Ducem*
897 2203 995 2294 sirper
1023 2223 1063 2275 ea
1088 2225 1147 2296 re,
1170 2207 1311 2297 quarum
1335 2207 1530 2297 exemplum
1549 2212 1633 2280 atrior

410 2301 637 2394 Amplitudini
654 2300 770 2374 vestrae
790 2297 965 2387 ostendet,
990 2319 1053 2371 nec
1072 2319 1143 2372 non
1158 2297 1494 2394 instms'tionempro
1513 2294 1642 2396 Capri-f

351 2398 355 2408 '
409 2399 511 2484 lam,
542 2399 624 2491 quid
655 2396 755 2470 velim
776 2413 824 2468 ¹ea
853 2395 886 2467 in
916 2413 952 2468 re
980 2395 1082 2488 ipsam
1111 2396 1233 2469 facere
1280 2395 1383 2470 Prout
1410 2397 1632 2490 Amplitudini

409 2493 528 2567 vestrae
547 2494 735 2580 videbitur,
758 2493 814 2564 vel
832 2492 1011 2565 confestim
1022 2489 1211 2566 reddendas
1226 2493 1291 2566 esse
1310 2495 1441 2581 literas,
1464 2495 1520 2588 ves
1587 2495 1640 2601 sif¹

408 2592 550 2664 modum
563 2592 621 2682 ,ita
647 2590 729 2680 fiet;
745 2589 1039 2681 ,quemadmodum
1067 2589 1105 2668 ὄῑ
1131 2591 1174 2666 de
1199 2589 1520 2684 omnibus'significa
1545 2591 1552 2606 ‘
1574 2603 1638 2666 'me'

409 2688 546 2763 confilio
567 2685 942 2780 Amplitudinisvestrae
956 2687 1045 2772 velle
1064 2683 1282 2781 acquiescere.
1316 2687 1364 2759 Et
1381 2687 1518 2782 quidem
1535 2688 1561 2761 sa
1577 2707 1635 2764 an·

407 2795 545 2876 tequam
566 2783 754 2857 Confilium
776 2782 965 2856 Hollandiae
985 2783 1177 2856 mandatum
1193 2780 1300 2854 vsuum
1330 2783 1498 2858 emitteret
1515 2778 1633 2860 'contra

407 2878 644 2968 schalmum,
667 2879 787 2951 certior
801 2875 932 2951 fuissem
949 2872 1057 2950 fastus
1081 2878 1163 2970 quid
1179 2879 1229 2950 rei
1252 2895 1407 2974 ageretur
1424 2882 1543 2990 (quod
1559 2901 1629 2952 cer-

409 2978 443 3046 te
460 2975 497 3054 ὄι
517 2976 675 3056 absentiae
698 2995 782 3046 meae
809 2991 874 3048 tam
896 2971 1099 3063 favorabili,
1124 2973 1162 3050 δι
1181 2973 1313 3066 ordini,
1336 2977 1379 3060 ἀ,
1392 2995 1439 3044 rer
1462 2973 1628 3066 magnino

407 3069 500 3160 dini,
530 3074 668 3146 videtur
696 3069 843 3163 debuisse
869 3071 997 3162 tribui,
1025 3088 1100 3160 nort
1121 3071 1266 3170 quidem·
1286 3091 1344 3162 per
1357 3067 1536 3161 publicas,
1568 3069 1629 3145 sed

408 3171 497 3237 certe
513 3187 574 3259 per
592 3171 735 3258 privatas
745 3169 794 3239 'ad
812 3187 866 3238 me
883 3165 1023 3334 literasg
1045 3173 1140 3260 puto*
1160 3170 1388 3256 metationem
1407 3165 1629 3242 inventurum

406 3255 523 3348 sassie,
547 3277 586 3332 nt
604 3261 768 3353 ejusmodi
785 3263 996 3334 mandatisn'
1024 3261 1331 3356 itrriffetopusx·
1370 3271 1377 3292 ¹
1593 3277 1610 3292 ’·

421 3375 426 3382 ·
452 3355 492 3427 ln
518 3375 638 3449 magna
661 3355 892 3446 expectatione
915 3355 1061 3447 fumosa
1092 3361 1273 3452 quidnam*¹
1286 3357 1424 3451 tandem
1446 3358 1632 3442 Germania

405 3451 504 3526 nobis
518 3449 715 3547 apportabit.
744 3447 940 3542 ¹Speramus
957 3470 1092 3545 autem,
1116 3455 1408 3544 Deoauxiliantc,
1431 3455 1640 3548 victoriam}

403 3549 443 3624 tit
466 3552 523 3624 vel
548 3547 684 3626 tandem
702 3547 745 3620 ad
771 3564 891 3641 pacem
906 3547 948 3621 sa
963 3549 1239 3678 tranquillitatem
1252 3553 1378 3652 optima
1396 3549 1502 3628 Patria
1520 3549 1628 3626 dedu-

374 3655 508 3724 catur.
1047 3675 1050 3680 ·
1175 3647 1494 3682 ''’¹¹··¹⁴·¹
1552 3667 1582 3678 ··

451 3747 530 3822 Rex
546 3747 657 3826 adhuc
674 3745 767 3822 abest
785 3747 820 3826 in
838 3745 1039 3826 monasterio
1060 3747 1146 3839 su03
1168 3747 1315 3842 podagra
1344 3746 1497 3821 nonnihil
1522 3761 1629 3822 tenta·

402 3851 471 3910 tur.
513 3843 648 3936 Regina
670 3849 761 3918 certe
780 3862 915 3936 putatur
930 3847 1078 3938 gravida.
1119 3843 1301 3918 Arehidun
1318 3834 1459 3918 Carolus
1477 3842 1538 3914 sub
1551 3841 1628 3914 No·

402 3933 579 4007 vembrem
599 3940 721 4009 dicitur
738 3938 913 4012 affuturus.
960 3939 1132 4011 Dominus
1150 3940 1299 4032 Joannes
1316 3940 1359 4011 ab
1376 3941 1538 4013 normae
1554 3957 1627 4010 ma·

399 4025 431 4096 'ri
447 4027 553 4134 reciiit.
602 4031 726 4100 Omnia
744 4031 799 4102 hic
815 4034 1011 4124 nanquilla3
1034 4029 1094 4104 nisi
1109 4037 1206 4126 quod
1225 4032 1540 4128 nostratesmirifice
1562 4053 1628 4118 nos

403 4119 598 4208 sollicitant,
632 4138 671 4192 ut
694 4122 774 4193 diri.
821 4125 922 4198 Plora
938 4146 1001 4218 per
1020 4127 1251 4206 Cornelium·
1268 4129 1372 4220 -Iie'ne'
1393 4124 1635 4218 isaiasResea

403 4215 505 4293 rende
528 4215 675 4308 Praesul‚
705 4215 1005 4316 optimepatrone.
1053 4225 1271 4316 Madriti²15.
1288 4225 1503 4322 'Septembris
1524 4225 1635 4316 rs'ssiia·
1706 4263 1711 4274 ·

402 4313 619 4488 sseverendae
638 4312 877 4416 Amplitudinis
893 4319 1011 4398 vestrae
1025 4323 1241 4418 paratissimos
1257 4321 1398 4400 servitor
1412 4321 1638 4496 μὲὴἓιηδιῗτὸέ

262 4473 272 4492 .
441 4433 612 4493 ansanus·
1613 4459 1629 4475 ·
