3746 5142
298 518 386 612 AD
403 511 640 610 VIGLIUM
660 533 718 602 AB
733 509 941 602 Arrun
970 508 1311 609 ZUICHEMUM
1380 541 1460 640 πῃ

234 678 447 768 nisisumm3
469 674 740 771 agoquegntins
755 673 800 746 de
818 667 1007 762 schedulis,
1029 672 1129 746 literis
1143 675 1259 748 vestris
1281 669 1471 771 edundis.-

235 773 414 872 versamur
425 791 538 848 autem
553 771 589 844 in
604 769 730 844 summe
744 769 976 862 eupedatione
987 791 1100 842 rerum
1113 769 1343 852 Geldrensrum
1352 825 1364 863 ‚
1373 797 1460 872 quae

236 871 400 962 finem,
422 871 473 942 uti
487 887 620 943 oramus
644 866 682 939 dt
703 865 895 959 speramus,
923 866 1095 955 sonuum,
1118 866 1228 940 minus
1245 870 1307 942 erit
1326 869 1360 941 in
1380 873 1457 963 pos·

235 979 344 1042 tetum
357 967 578 1041 metuendum
594 1017 606 1055 ‚
630 963 667 1036 ἃ
685 961 811 1054 aliquid
827 963 974 1035 melioris
1004 961 1072 1056 spei
1090 963 1138 1036 de
1152 963 1364 1054 profeotione
1387 969 1457 1042 Re·

237 1061 287 1156 gis
304 1062 578 1154 cmrcipiendum.
610 1060 661 1132 Ea
677 1057 742 1150 jum
758 1057 929 1150 desperm
946 1057 1048 1149 esset,
1070 1059 1130 1132 nist
1144 1059 1257 1133 Ciuilis
1273 1061 1384 1134 adbuc
1396 1064 1459 1139 de·

237 1155 485 1241 dumetum&
510 1153 622 1228 vestes
648 1151 995 1244 Hniltbntdnriorum‚
1027 1177 1106 1247 quae
1126 1154 1374 1249 abhinepropd
1399 1179 1458 1232 an·

241 1270 326 1323 num
345 1250 509 1324 confedae
525 1251 619 1339 sunt,
643 1249 890 1324 adservarentru
913 1271 923 1320 ε
946 1270 1026 1342 quae
1051 1251 1121 1324 duo
1143 1249 1210 1324 sola
1232 1251 1324 1342 signa
1347 1253 1458 1328 itionit

238 1346 423 1435 habemus,
444 1349 619 1424 manfion'u
637 1361 772 1434 autem,
791 1367 901 1440 prope
922 1345 1068 1439 infinito3
1099 1347 1179 1420 uoio
1197 1361 1307 1421 nmen
1322 1351 1458 1425 credere

238 1442 331 1534 Regi
353 1443 729 1518 affirmnnti'seiturum.
1087 1501 1091 1514 .

280 1537 376 1612 Misit
401 1541 467 1613 huc
493 1539 669 1616 Comitiffe
684 1541 910 1635 Egmondnna
931 1541 1079 1619 libellum
1105 1541 1316 1620 accusationis
1336 1561 1478 1621 contra·

237 1634 413 1726 mantum,
429 1637 473 1710 dt
488 1637 718 1714 defensionem
731 1640 856 1734 ipius,
880 1663 959 1715 tum
978 1643 1088 1716 multis
1111 1640 1337 1718 munimentis.
1384 1643 1454 1718 Fis-

237 1750 297 1807 cus
318 1753 388 1806 non
405 1735 546 1808 omnino
563 1737 702 1827 quidem
719 1738 871 1826 imperite
896 1757 968 1808 rem
994 1739 1132 1826 trudam
1155 1737 1213 1810 sed
1237 1738 1280 1810 nd
1303 1739 1454 1814 fundum

237 1831 326 1919 terte
351 1851 421 1904 non
451 1831 632 1922 pertudit,¹
664 1829 724 1900 nisi
743 1831 965 1902 vehementer
991 1831 1099 1904 fallor.
1147 1828 1275 1904 Comes
1301 1834 1454 1926 Brennus

234 1919 414 2018 Compiuti
437 1927 563 2017 degere
584 1923 687 2017 jussus
703 1922 774 2011 est,
797 1924 949 2014 quinque
965 1924 1086 1999 abhinc
1102 1923 1307 2011 miliaribus,
1328 1929 1386 1998 ubi
1402 1927 1456 1996 est

126 2049 132 2058 ·
235 2017 272 2094 in
287 2017 427 2112 studiis;
448 2021 582 2112 datique
599 2020 826 2110 Ptaeceptores
843 2017 989 2110 Hispmri.

235 2165 240 2174 -
283 2115 361 2188 Rex
373 2118 410 2188 in
425 2112 530 2189 bortis
546 2115 611 2188 suis
630 2113 728 2188 estin
744 2117 944 2202 Arenxues,
966 2113 1022 2186 sed
1037 2112 1134 2186 brevi
1149 2112 1351 2187 reuersurus.
1382 2115 1457 2191 Do
1602 2119 1609 2128 '

234 2208 351 2282 minus
375 2209 524 2302 Joannes
542 2209 588 2280 nb
612 2208 768 2298 Austrin,
790 2209 834 2279 nd
859 2228 967 2296 more,
991 2210 1047 2280 cui
1066 2208 1245 2300 pensemus
1260 2209 1340 2300 est,
1361 2213 1455 2285 abiit.

237 2303 403 2394 Princeps
428 2302 539 2374 adhue
565 2301 663 2376 solito
690 2323 783 2377 more
807 2303 986 2378 detinetur.
1032 2303 1139 2378 Multi
1163 2306 1232 2376 non
1257 2307 1458 2399 impotentes

238 2394 405 2471 mussitent
424 2397 461 2470 δι
487 2397 636 2474 fremunt
661 2421 670 2472 ε
696 2399 730 2473 id
747 2413 860 2474 tamen
881 2401 976 2493 quod
992 2399 1052 2493 fit,
1074 2401 1109 2474 in
1137 2421 1208 2474 rem
1229 2399 1329 2491 ipsius
1347 2403 1398 2474 est
1421 2403 1459 2484 δι

235 2491 372 2587 Regni3
383 2492 439 2566 sed
457 2512 526 2569 non
543 2517 663 2571 eorum
673 2549 687 2585 ‚
698 2511 863 2591 quantum
878 2513 1017 2590 metuo,
1033 2496 1156 2592 quibus
1171 2497 1258 2571 maie
1277 2499 1363 2572 vult.
1386 2497 1457 2571 Re·

235 2587 899 2784 grnssstpffiffircrffbffiusceffin
914 2595 1255 2783 ”indiffinito
1275 2693 1313 2764 tn
1337 2655 1456 2764 tenere

236 2779 444 2870 deserviret,
466 2741 640 2876 protinus
654 2784 703 2858 est
718 2743 799 2860 bine
810 2743 1046 2859 cum’domiuo
1063 2785 1205 2884 Duce(
1211 2785 1261 2861 est
1281 2786 1371 2858 enim
1389 2787 1456 2880 pri·

235 2893 317 2950 mtu
333 2876 377 2950 de
398 2875 522 2954 enon
539 2879 690 2956 Praefetti
706 2882 818 2957 cursus
835 2881 1005 2975 publici.)
1046 2881 1078 2955 le
1095 2882 1319 2974 Amplitudini
1335 2883 1456 2956 vestre

237 2971 287 3046 uti
311 2973 420 3064 ipsum
438 2979 732 3068 commendarem,
753 2979 936 3072 peristerae
953 2980 1001 3053 nd
1017 2977 1260 3054 Denneterium
1275 2977 1456 3072 plurinum

234 3068 367 3164 nogant
391 3091 401 3140 r
425 3071 521 3164 quod
538 3073 941 3169 sarufecinerunente13
962 3073 1012 3147 est
1029 3075 1116 3172 enirn
1142 3073 1263 3169 dignun
1288 3075 1355 3168 qui
1368 3095 1457 3146 arne·

237 3179 316 3254 tut,
339 3166 377 3240 dt
396 3167 452 3239 cui
467 3169 696 3244 criminosus
716 3173 777 3244 etit
794 3173 837 3244 ab
855 3169 1088 3263 Amplitudine
1104 3171 1209 3245 vestra
1227 3169 1402 3243 benefiat.

285 3261 561 3356 Jucundiffimum
589 3286 628 3340 ec
654 3265 869 3360 gratiffimum
895 3268 995 3355 esset,
1018 3267 1163 3364 siquam
1184 3267 1346 3340 rationem
1361 3265 1458 3338 inve-
1535 3271 1540 3284 '

236 3356 311 3430 nire
328 3358 460 3448 possetis
476 3363 519 3436 nd
542 3361 642 3436 libros
662 3383 795 3454 novos,
815 3367 842 3438 'sr
862 3365 925 3456 qui
942 3361 1081 3436 subinde
1103 3363 1299 3436 adferunurt
1320 3378 1382 3434 eut
1398 3382 1457 3434 ex-

233 3450 431 3546 cuduntur,
451 3456 730 3534 transmittendos.
762 3461 808 3536 Et
824 3459 1004 3554 quidemii
1022 3473 1088 3534 tam
1104 3480 1231 3554 mngnae
1247 3457 1380 3532 fortasse
1394 3457 1458 3532 sunt

237 3544 393 3631 urnnae,
417 3566 455 3622 ut
470 3551 594 3626 cursori
612 3553 683 3629 duri
705 3577 775 3630 non
791 3555 934 3650 poffint3
956 3553 1236 3648 expeditiffimum
1254 3555 1355 3638 esset,
1377 3573 1458 3624 meo

237 3639 387 3735 iudicio,
410 3645 454 3718 ad
468 3648 715 3726 Tzommonem
734 3653 887 3736 mittere,
909 3653 970 3743 qui
989 3651 1139 3740 quotidie
1163 3667 1278 3722 naums
1295 3648 1395 3719 babet
1411 3645 1456 3714 nd

237 3759 398 3830 manum,
421 3745 480 3838 qui
501 3745 664 3820 loretum
683 3747 789 3840 usque
812 3747 1005 3838 perferant,
1033 3743 1077 3814 ad
1091 3741 1274 3814 institorem
1290 3739 1458 3845 suckeru·

237 3853 337 3926 rum3
359 3837 418 3910 ubi
433 3845 512 3914 cum
527 3841 625 3928 sunt,
648 3843 682 3914 in
703 3859 778 3916 tuto
793 3841 890 3925 sum,
916 3839 952 3911 dt
969 3837 1067 3910 sicile
1086 3836 1155 3906 hue
1174 3847 1392 3942 peruenrunn

285 3931 436 4010 Omnino
452 3937 476 4010 ii
495 3939 594 4012 uxori
618 3939 687 4012 huc
710 3935 914 4010 veniendum
938 3933 1007 4024 est,
1031 3931 1154 4018 nolim,
1178 3947 1236 4005 eos
1251 3927 1295 4002 de
1311 3923 1457 4022 famuliu,

232 4027 372 4120 nui-per
389 4051 478 4108 mare
495 4034 592 4108 ibunt
607 4033 714 4133 (nam
734 4032 772 4106 id
787 4030 1002 4106 necessarium
1018 4027 1100 4117 erit,
1122 4025 1244 4101 etiamst
1264 4046 1350 4100 uxor
1371 4042 1457 4108 terto

239 4121 488 4221 proficiscatur)
510 4151 636 4206 vacuos
655 4129 782 4206 venire.
815 4128 863 4202 Et
878 4131 956 4202 cum
971 4143 1103 4219 tenpus
1119 4124 1200 4212 etit,
1223 4125 1357 4200 habebo
1374 4131 1459 4204 Am·

238 4213 439 4308 pliutdinetu
458 4225 601 4300 vestram
617 4243 764 4322 rogatam
782 4239 821 4298 ut
839 4221 1178 4324 uxorilproficiscenti
1193 4223 1227 4298 in
1245 4237 1354 4296 totum
1365 4275 1378 4312 ,
1390 4226 1458 4294 boe

238 4309 291 4384 est
315 4311 420 4406 usque
443 4319 612 4400 adfinem
630 4323 753 4398 mensu
767 4318 860 4416 Junii
877 4322 1022 4395 satisfieri
1047 4320 1171 4412 poilit3
1195 4337 1261 4410 qua
1284 4319 1327 4423 de
1354 4335 1389 4384 re
1402 4313 1456 4385 od

235 4407 346 4512 ipsum
370 4411 547 4496 domnum
563 4421 705 4496 Durum
724 4417 850 4509 aliquid
876 4419 975 4492 etiam
995 4413 1157 4578 strigam,
1179 4413 1234 4486 cui
1255 4411 1354 4485 velun
1371 4405 1456 4482 nm·
