3710 5144
262 495 346 580 Ap
363 485 601 579 vrormm
619 507 677 572 rr
693 481 901 571 nram
920 481 1275 574 zurcrmmum.
1339 489 1394 592 ar

178 649 302 726 iridem
320 646 482 742 vigesrma
506 643 604 718 tertii
620 641 734 716 Martii
752 640 858 734 capite
877 653 1068 714 truncatum
1094 638 1231 732 publice
1254 641 1289 715 in
1315 642 1394 718 foro

180 751 296 837 aiunt,
317 743 420 839 taque
438 753 639 837 procurante
655 737 768 825 Beza;
798 735 883 832 quid
903 751 1015 808 autem
1041 755 1158 808 revera
1176 738 1240 824 fit,
1261 737 1394 832 ignoro.

178 841 272 918 Bene
306 843 412 927 vale,
449 834 653 912 Reverende
679 831 826 920 Praesul,
852 832 980 924 optime
997 830 1165 920 Patrone3
1197 831 1394 925 Stinamque

178 939 263 1012 meis
282 938 395 1011 verbis
422 934 521 1006 velim
546 931 728 1024 plurimum
752 929 867 1002 saluta.
912 927 1074 1022 Raptim,
1096 927 1239 1000 Lutetiae
1257 929 1394 1002 Parisio-

179 1053 280 1120 rum,
302 1033 393 1106 festo
410 1029 610 1102 Palmarum.
654 1026 867 1098 Reverendae
885 1021 1106 1118 amplitudinis
1123 1023 1240 1099 vestrae
1260 1025 1393 1120 paratis-

179 1131 283 1203 srmus
304 1125 441 1202 servitor
462 1119 677 1220 Juncrrrmus
700 1120 909 1195 Homerus.

452 1315 914 1404 EPIsTOLA
996 1311 1123 1398 III.

233 1533 350 1616 Atto.
380 1524 644 1638 Templum,
676 1517 1026 1633 Monasieriorum,
1055 1517 1164 1626 ἔξω,
1195 1518 1237 1608 in
1260 1523 1392 1614 Gallia
1460 1626 1462 1630 ¹
1493 1488 1505 1504 ⁵

180 1637 393 1755 miseranda
442 1639 552 1724 aries.
611 1635 791 1724 Comitem
807 1631 1066 1750 Nogorollum
1089 1633 1239 1742 itineris
1246 1636 1393 1752 strcium

17 1761 21 1790 ⁸
177 1751 311 1840 aniius
327 1749 381 1863 asi
453 1773 625 1865 opperur.

288 1959 327 2036 P.
362 1959 490 2036 obtatis
515 1958 568 2033 hia
587 1955 786 2044 tabellariis,
807 1953 1012 2030 Reuerendo
1032 1953 1176 2044 Presu1‚
1198 1957 1328 2028 tametfi
1345 1959 1394 2052 ig·

251 2057 362 2154 ,notis
380 2107 394 2142 ‚
415 2057 497 2129 duri
525 2052 627 2128 officii
652 2049 833 2140 materie,
859 2050 985 2143 aliquid
1015 2049 1076 2122 iilir
1103 2051 1182 2122 dare
1217 2049 1394 2152 literarum.

214 2151 283 2222 uod
309 2151 446 2222 scribam
475 2150 559 2222 nihil
580 2147 671 2218 aliud
697 2147 833 2233 habeo,
855 2151 958 2237 quam
985 2144 1098 2232 omnia
1123 2143 1305 2233 homerus,
1326 2147 1397 2219 laus

174 2243 285 2329 Deo,
307 2263 351 2314 ex
376 2241 489 2312 animo
513 2237 718 2327 succeiiiise3
740 2239 1028 2331 quemadmodum
1048 2239 1085 2310 δι
1101 2237 1251 2329 reliqua,
1273 2241 1397 2315 eodem

177 2339 345 2424 authore,
369 2334 507 2409 confido
535 2332 727 2407 succeiiura.
774 2331 837 2406 Uti
863 2333 935 2406 caeli
960 2333 998 2406 ot
1024 2349 1116 2407 terrae
1138 2333 1294 2408 iaen’iiima
1317 2339 1396 2427 hic,

176 2432 216 2505 in
239 2431 364 2521 Gallia,
388 2429 438 2504 est
454 2431 556 2506 facies
581 2453 590 2502 ε
615 2429 661 2514 ita
685 2429 911 2523 templorum,
933 2427 1233 2522 monasteriorum,
1257 2431 1294 2504 δι
1318 2433 1397 2506 alio·

175 2548 255 2602 rum
279 2527 507 2622 religiosorum
525 2529 699 2616 mennam,
720 2527 817 2620 plana
836 2525 1017 2600 miseranda
1043 2547 1052 2598 :
1077 2526 1163 2600 adeo
1182 2542 1219 2599 ut
1233 2529 1288 2602 vei
1306 2524 1395 2602 hosti

175 2625 434 2701 misericordiam
462 2643 600 2698 movere
633 2622 764 2696 debeat.
812 2623 897 2697 Non
927 2643 1157 2696 commemoro
1182 2624 1395 2718 singulatim,

174 2722 261 2810 quid
288 2721 324 2794 in
343 2720 417 2807 via,
438 2719 523 2812 quid
547 2721 582 2793 in
604 2719 720 2812 pagis,
742 2717 825 2810 quid
846 2718 881 2790 itr
906 2717 1097 2812 oppidulis,
1120 2720 1204 2810 quid
1228 2723 1395 2808 Aureliae,

174 2816 264 2905 quid
282 2816 338 2889 hic
358 2815 512 2890 viderim.
559 2815 629 2890 Sed
652 2816 720 2886 hoc
736 2827 868 2888 tuntum
884 2815 1036 2888 exclamo
1061 2834 1071 2884 a
1097 2813 1162 2888 Dii
1179 2818 1283 2892 talem
1306 2817 1397 2910 nobie

151 2911 601 3100 ‘avggrgleespegggaamm
623 3007 682 3099 qui
701 3004 772 3117 jam·
791 3027 899 3100 prope
918 3005 1127 3101 quatriduum
1143 3006 1316 3117 nobiseum
1334 3006 1397 3099 est,

172 3116 351 3196 propterea
377 3102 473 3195 quod
493 3104 539 3176 ob
562 3105 677 3178 locum
703 3123 803 3177 currae
829 3117 994 3178 mutatum
1017 3103 1115 3177 cursu
1139 3105 1275 3198 publico
1301 3125 1396 3176 com-

172 3199 278 3272 mode
296 3199 346 3271 uti
365 3214 535 3291 nequeat,
557 3199 670 3272 omnia
694 3198 776 3272 mihi
803 3197 944 3290 ordine,
967 3219 1043 3293 quae
1070 3198 1166 3271 isthic
1185 3198 1276 3292 gesta
1293 3199 1395 3290 stunt,

173 3295 466 3371 commemoravit.
512 3298 566 3368 Ac
582 3295 710 3368 tametsr
735 3293 874 3388 quidem
889 3295 991 3390 longi
1013 3295 1242 3370 observatione
1261 3295 1395 3373 videam

173 3409 249 3482 quo
274 3409 327 3463 res
340 3391 457 3464 tendat
481 3413 491 3460 r
516 3391 611 3485 spero
628 3407 741 3464 tamen
762 3387 877 3462 Deum
897 3413 960 3465 nos
979 3391 1231 3487 resperturun,
1250 3391 1309 3478 ἃ,
1324 3413 1396 3486 quo

172 3483 278 3580 paeto
306 3487 396 3558 malo
425 3485 506 3558 huie
535 3489 666 3562 occurri
695 3483 823 3578 poffit,
853 3487 943 3582 Regi
979 3487 1015 3560 in
1041 3505 1190 3560 mentem
1211 3487 1394 3561 mitiorum.

123 3577 129 3592 '
172 3580 298 3654 Meum
324 3585 414 3668 certe
435 3581 581 3658 studium
606 3597 699 3656 tanto
721 3581 826 3676 magis
842 3583 1017 3656 accensum
1034 3581 1103 3671 est,
1125 3599 1255 3676 quanto
1273 3581 1397 3654 ssatum

173 3675 275 3749 istum
290 3677 362 3752 vidi
380 3677 658 3752 miserabiliorem.
691 3676 851 3771 Singula,
873 3699 944 3772 quo
960 3677 1065 3749 modo
1080 3678 1151 3752 aira
1169 3677 1256 3760 fint,
1278 3676 1396 3766 primu

153 3771 295 3872 ⁸uestris
319 3774 417 3848 literis
445 3773 643 3868 expeeiabo.
692 3769 787 3846 Bene
812 3773 886 3844 vale
906 3825 919 3860 ‚
942 3773 1143 3852 Reverende
1169 3768 1311 3858 Praesul3
1334 3769 1396 3861 iit,

174 3887 257 3942 cum
283 3869 503 3942 commodum
531 3869 617 3958 erit,
638 3866 764 3942 amicos
781 3884 1002 3953 communes,
1025 3866 1160 3955 queso,
1182 3885 1202 3936 a
1221 3884 1276 3935 me
1292 3864 1395 3956 pluri·

173 3983 271 4034 mum
290 3965 400 4038 saluta.
433 3965 597 4058 Raptim,
618 3962 746 4037 Pitnvi
767 3961 823 4035 16.
843 3961 968 4054 Aprilis
991 3959 1093 4052 1566.
1112 3961 1326 4037 Reverendae
1334 3962 1394 4040 Pa·

177 4059 335 4136 temitatir
351 4059 704 4161 vestraeparatiffimus
718 4057 855 4137 servitor
872 4057 1085 4160 Jorrcttrmus
1105 4055 1321 4140 Homerus.
