3736 5142
433 460 521 549 260
572 455 891 575 Joaotrnrr
919 453 1202 541 Houruut
1230 447 1555 546 arrsronn

437 637 511 694 earn
531 618 607 690 dare
628 615 726 700 velit,
754 613 930 706 nepotibus
949 610 1017 684 suis
1036 611 1090 684 hlc
1110 629 1153 683 ex
1175 609 1326 683 ducentis
1346 609 1407 684 illis
1422 607 1654 704 reddendam,

436 719 504 807 qut
523 713 558 784 in
576 733 612 784 re
634 711 798 806 quicquid
819 707 1022 802 Amplitudo
1040 705 1147 782 vestra
1168 703 1304 796 fecerit,
1327 707 1405 781 med
1422 705 1490 781 fide
1513 709 1580 781 esse
1597 707 1652 803 ju-

276 805 328 904 '¹
435 811 514 881 ben.

482 902 653 999 Quoniam
671 901 829 976 dominus
847 899 1031 1012 Tysnncus·
1043 897 1257 1010 (suspicans,
1280 913 1447 1010 utputo,
1466 921 1520 972 me
1540 900 1655 973 omnia

434 997 588 1093 habere)
611 999 769 1073 tradatur
791 997 883 1069 Pacis
904 997 941 1069 dt
962 998 1076 1070 srmrlu
1095 995 1208 1067 secum
1227 994 1379 1088 abstulit,
1403 1015 1465 1068 oro
1485 995 1654 1087 Amplitu-

435 1095 550 1166 dinem
574 1095 743 1181 vestram,
766 1109 805 1166 ut
828 1113 914 1180 eos,
938 1091 1124 1186 sumptibus
1145 1089 1254 1184 Regis
1273 1089 1589 1178 describendum&
1610 1091 1656 1163 ad

436 1210 493 1300 me
510 1192 712 1284 mittendos,
735 1209 848 1262 curare
865 1191 969 1300 velita
991 1188 1143 1302 deligens
1158 1209 1203 1260 ex
1221 1185 1371 1280 plurimis
1388 1205 1465 1298 quae
1480 1185 1581 1298 habet
1594 1207 1656 1279 op-

436 1279 1427 1486 uirtutebustlleutffbitttiulit
1450 1280 1656 1470 ,stilis

436 1497 491 1549 res
509 1477 714 1548 &homines
736 1475 872 1548 nauare
889 1475 1054 1578 debeam,
1077 1473 1159 1542 ntbrl
1177 1473 1277 1562 plane
1295 1472 1443 1543 acctdere
1459 1473 1566 1566 pollet
1584 1493 1658 1566 gra-

408 1658 410 1662 .
435 1572 523 1654 riusa
546 1587 622 1638 uam
647 1569 824 1654 authoritas
851 1569 949 1653 hujus
974 1565 1151 1650 muneris,
1183 1566 1277 1656 quod
1301 1563 1462 1658 indignus
1485 1566 1658 1660 sustineo,

433 1663 477 1735 ita
496 1661 645 1752 prolapsa
662 1659 732 1747 est,
756 1673 881 1770 utnon
898 1658 955 1767 nifi
971 1657 1102 1730 summo
1117 1657 1235 1768 labore
1254 1659 1291 1731 dt
1303 1677 1398 1750 arte,
1415 1659 1453 1733 dt
1470 1661 1549 1753 post
1566 1665 1659 1736 rnul-

433 1752 1657 1954 turdulittluultuluusisttu‘nllliub

434 1967 511 2020 eam
542 1944 631 2017 faeta
655 1943 704 2015 est
731 1941 881 2016 accessio.
928 1941 1079 2014 Omnrnb
1110 1955 1225 2014 autem
1248 1941 1460 2018 novissimum
1482 1946 1654 2023 tradatum

434 2041 530 2116 Pacis
555 2061 633 2113 cum
659 2039 757 2134 Rege
779 2037 952 2112 Gallorum
969 2037 1070 2112 velim
1089 2035 1245 2130 proximo
1267 2037 1363 2112 cursu
1381 2039 1526 2133 habere,
1546 2043 1652 2138 liqui

436 2139 564 2212 ratione
574 2136 651 2210 ‘fieri
667 2137 781 2228 posset.

482 2235 563 2308 Rex
573 2231 772 2308 Cordubam
790 2229 911 2306 abhinc
927 2229 1057 2322 aliquot
1069 2229 1189 2305 diebus
1201 2234 1408 2306 contendere
1424 2233 1653 2331 eoeptnsntp

435 2331 543 2423 sitque
561 2328 604 2402 ad
619 2351 675 2402 me
693 2329 892 2416 exstincte,
914 2328 1088 2402 Talaverae
1102 2377 1114 2416 ,
1129 2327 1404 2404 'Purificationem
1423 2329 1523 2404 Diva
1544 2333 1653 2426 Virgiss

436 2425 489 2499 nis
507 2425 599 2519 apud
615 2429 729 2520 Aquas
746 2425 869 2516 Lupias
886 2423 1122 2498 celebraturus.
1170 2424 1267 2519 Ego,
1291 2427 1349 2498 ubi
1366 2425 1478 2499 cursor
1496 2427 1550 2499 blc
1566 2430 1655 2504 abie-

437 2521 500 2632 rit,
525 2541 607 2594 mox
623 2521 820 2614 subsequar,
843 2519 1062 2609 Taurorum,
1084 2521 1218 2594 volente
1232 2521 1334 2613 Deo,
1357 2537 1434 2596 ante
1448 2519 1571 2598 festum
1586 2525 1655 2599 Pu·

436 2616 625 2692 nficationis
643 2631 879 2711 perventurus.

484 2711 535 2785 Ut
554 2733 639 2786 uxor
667 2713 704 2785 dt
729 2713 825 2786 liberi
840 2715 943 2806 quim
966 2711 1116 2808 primurn
1140 2713 1174 2785 in
1190 2712 1277 2786 viam
1294 2713 1328 2788 se
1350 2711 1458 2806 dent,
1480 2716 1568 2790 utin
1584 2715 1656 2792 Co-

436 2809 714 2922 mitarusseginae
730 2829 820 2883 maro
837 2809 1022 2920 tmnseant,
1044 2829 1116 2882 'non
1133 2809 1252 2883 dubito
1267 2811 1351 2904 quin
1370 2813 1571 2908 Amplitudo
1583 2815 1658 2889 ves·

437 2919 487 2984 tra
510 2907 707 3015 dilgenter,
731 2923 771 2978 ut
798 2906 1155 3017 omnu,·procurabit.
1201 2906 1295 2980 liene
1322 2909 1431 2982 valeat
1454 2909 1655 3002 Ammitudo

437 3001 545 3076 vestm
573 3013 671 3076 ettam
694 3019 794 3096 arque
817 3003 917 3074 etiam
939 3023 973 3074 rn
1000 3004 1124 3074 multos
1153 3023 1282 3092 annos,
1312 3004 1349 3076 dt
1373 3025 1460 3091 nos,
1482 3021 1520 3076 ut
1543 3003 1652 3094 Acir,

439 3113 541 3172 amet.
588 3099 723 3173 Madnti
743 3123 801 3194 24
826 3097 972 3194 januarii
996 3115 1099 3189 1570.
1125 3099 1202 3172 stilo
1224 3100 1402 3172 communi.
1438 3099 1653 3173 Reverendae

438 3193 677 3300 Amplitudinis
695 3197 813 3269 vestrae
831 3193 1045 3291 paratissimus
1062 3195 1196 3268 servitor
1212 3195 1421 3290 Joncnrsrus
1440 3193 1652 3272 Horanttus.

484 3286 523 3394 ⁸¹.
550 3307 627 3375 quae
657 3291 789 3363 occasio
812 3291 845 3362 se
869 3289 990 3364 offeret
1011 3291 1079 3382 qui
1105 3289 1301 3382 Amplitudo
1325 3285 1430 3360 verua
1461 3287 1655 3366 Ductorem

436 3379 583 3469 Mpltum
615 3387 708 3473 apud
738 3384 980 3458 illustriiiimum
1004 3387 1140 3460 Ducem
1167 3384 1341 3457 dominum
1365 3383 1465 3457 suum
1497 3387 1654 3461 nonntbil

438 3475 708 3566 commendaret,
730 3497 769 3549 ac
795 3479 939 3553 maxime
964 3481 1103 3574 quidem
1123 3499 1161 3555 ut
1179 3485 1256 3556 cum
1273 3479 1481 3554 liberalitates
1493 3481 1566 3554 suas
1578 3481 1656 3557 Rex

437 3571 627 3662 exercebit,
649 3574 746 3647 edun
762 3575 864 3668 ipuus
877 3575 959 3649 Dux
976 3595 1105 3654 memor
1122 3575 1300 3665 ereverit,
1323 3577 1428 3671 longe
1449 3576 1526 3651 saue
1543 3577 1655 3670 gratis·

303 3745 313 3752 .
435 3669 556 3746 unum
577 3670 665 3744 esset

486 3767 619 3862 Scripsrt
632 3767 675 3842 ad
692 3788 747 3841 me
765 3765 922 3846 dominus
934 3770 1135 3846 Secretatius
1149 3768 1320 3864 langbius
1334 3767 1450 3843 noster
1465 3769 1551 3865 (cui
1565 3787 1655 3843 nunc

436 3881 574 4050 propter
599 3865 835 3960 occupationes
858 3889 929 3940 non
955 3869 1086 3960 polium
1108 3866 1279 3954 scribere3
1309 3865 1366 3937 sed
1398 3865 1517 3938 faciam
1541 3865 1656 3956 proxi-

438 3963 496 4028 me
547 3961 721 4032 dominum
743 3963 937 4050 Driutium,
960 3963 1163 4055 Episcopum
1191 3963 1424 4056 Brugensem,
1448 3977 1578 4048 cupere.
1595 3957 1653 4030 ali·

432 4063 542 4140 quem
564 4073 605 4124 ex
624 4057 706 4123 meis
720 4073 921 4142 promovere
938 4053 1041 4128 in'sua
1059 4057 1205 4132 Ecclesia
1228 4080 1239 4129 ε
1262 4054 1473 4150 aequoniam
1491 4051 1548 4124 filii
1565 4074 1654 4126 non-

436 4139 528 4253 dum·
539 4145 579 4216 ed
596 4143 673 4252 sunt
696 4159 790 4216 aerate
813 4167 851 4218 ut
869 4155 1062 4241 promoveri
1079 4151 1224 4248 pollint,
1246 4153 1424 4247 stquidem
1439 4149 1580 4240 aliquem
1597 4149 1657 4243 ipfi

437 4257 608 4350 nominem
631 4239 815 4352 idoneum,
838 4241 1004 4320 facturum
1024 4251 1228 4341 perlibenter
1252 4270 1353 4323 omne
1373 4245 1534 4321 officium.
1581 4249 1657 4336 Ac,

437 4357 518 4434 quta
531 4335 576 4412 de
591 4354 674 4412 mets
689 4339 857 4416 neminem
869 4338 1002 4436 babeo,
1025 4365 1090 4422 nec
1107 4344 1175 4420 scio
1190 4363 1236 4431 aa
1255 4345 1457 4443 Amplitudo
1470 4339 1582 4418 vestra
1596 4341 1655 4417 ali
