3736 5142
445 533 527 645 264
579 529 890 648 Joncrrrrur
918 525 1193 618 norunttt
1219 529 1543 626 nrrsronnt

439 693 483 770 de
506 707 573 763 tora
590 711 627 762 re
653 685 845 777 tradetur,
867 683 1009 778 finisque
1040 685 1070 758 ei
1092 687 1281 780 imponatur
1305 715 1317 760 :
1343 689 1401 762 ubi
1418 683 1482 778 iarn
1503 709 1625 764 omnes
1639 699 1661 781 ,'

438 787 523 860 &in
541 788 592 858 iris
612 783 825 873 Cardinalis,
856 780 1110 860 luculentiffime
1130 785 1210 858 mibi
1231 785 1478 876 promiserunt,
1502 785 1597 877 fore,
1616 804 1658 860 ut

437 882 677 974 Anrplitudinis
693 880 811 954 vesttae
824 877 965 952 maxima
983 878 1064 950 ratio
1083 878 1254 954 habeatur.
1302 881 1380 954 Nec
1399 884 1549 956 omittam
1573 884 1657 976 quin

435 977 471 1052 in
487 979 554 1070 ipsa
570 977 766 1050 mundone
788 975 824 1047 id
841 974 994 1048 refricem
1016 1026 1028 1061 ,
1051 976 1340 1066 quemadmodum
1357 977 1394 1048 dt
1410 977 1453 1048 de
1474 979 1578 1050 tribus
1595 981 1657 1051 Se·

436 1075 611 1164 cretariis,
643 1074 839 1166 dequibus
866 1070 1066 1163 Amplitudo
1093 1069 1202 1146 vestra
1227 1071 1367 1160 scribit,
1397 1071 1469 1144 sum
1494 1072 1657 1147 stitutus.

376 1177 380 1182 “
436 1171 485 1245 Et
513 1168 577 1263 iam
605 1169 706 1244 semel
737 1187 841 1262 atque
869 1169 990 1242 iterum
1020 1165 1090 1240 dixi
1113 1165 1181 1242 suae
1212 1166 1406 1260 lllajelbati,
1438 1168 1549 1242 minus
1576 1189 1657 1244 eum

438 1267 517 1341 dare
532 1265 590 1361 qui
605 1265 678 1361 serb
702 1266 769 1339 dat.

448 1380 453 1394 ·
485 1365 540 1434 Ex
560 1367 661 1436 literis
678 1360 876 1434 Noircarmii
902 1357 1113 1432 subolfaccre
1134 1359 1214 1430 mihi
1239 1358 1388 1443 videor,
1410 1355 1519 1448 ipsum
1542 1360 1657 1431 harum

434 1477 547 1530 rerum
569 1458 649 1550 (uti
673 1457 710 1525 dr
740 1453 941 1544 Amplitudo
970 1451 1079 1523 vestra
1101 1449 1240 1541 scribit)
1267 1471 1406 1542 quoquo
1429 1454 1537 1525 modo
1563 1453 1658 1526 fuine

434 1547 642 1642 participem.
696 1547 840 1634 Magnas
868 1545 980 1613 turbas
1006 1544 1061 1614 hic
1084 1544 1210 1630 dedit,
1243 1545 1338 1634 quod
1367 1545 1410 1616 de
1435 1546 1661 1624 disturbandis

432 1645 557 1732 nuptiis
600 1640 680 1734 (de
709 1637 833 1730 quibus
863 1635 1133 1725 Amplitudinem
1159 1637 1300 1710 vestrum
1321 1653 1407 1732 puto
1432 1642 1590 1734 audisse)
1614 1643 1663 1714 ad

432 1739 569 1828 Regem
593 1735 632 1808 dt
653 1731 833 1826 plerosque
865 1749 982 1802 omnes
999 1729 1055 1802 ille
1072 1731 1222 1825 scripsit,
1253 1734 1290 1807 dr
1319 1749 1436 1826 rogatu
1457 1735 1544 1811 illius
1568 1737 1661 1813 illus·

432 1831 585 1907 triffimus
611 1831 702 1902 Dux.
1049 1847 1051 1852 ·

483 1927 591 2038 Quod
613 1925 657 1996 de
680 1921 859 2014 Nepotum
884 1919 921 1992 in
940 1921 1067 1993 italiam
1089 1917 1305 2014 professione
1328 1977 1342 2012 ,
1371 1921 1408 1996 dt
1430 1923 1598 2001 reditione
1620 1930 1654 2002 in

432 2023 604 2112 Panum,
627 2017 830 2110 Amplitudo
845 2013 953 2089 vestra
971 2016 1080 2090 scribit
1101 2067 1114 2104 ,
1138 2015 1300 2110 Magistro
1319 2019 1475 2092 Bucboni
1486 2021 1522 2094 dt
1539 2023 1655 2098 Mont-

434 2119 599 2206 seman0,
621 2116 683 2208 qui
705 2134 760 2186 me
782 2112 846 2184 hac
864 2111 899 2182 in
924 2111 1009 2184 urbe
1036 2111 1186 2186 viserunt
1198 2139 1225 2200 s
1242 2113 1423 2206 significavi
1445 2137 1459 2186 t
1483 2117 1582 2208 seque
1607 2121 1651 2191 ita

433 2213 582 2290 fidimus
598 2210 852 2304 responderunt.
875 2205 955 2280 Nec
969 2207 1089 2282 dubito
1103 2209 1187 2303 quin
1200 2207 1390 2284 Dekamani
1405 2211 1494 2285 idem
1509 2212 1570 2288 stur
1585 2213 1654 2288 sac·

436 2313 515 2385 turi.
945 2348 950 2364 ι
1303 2375 1309 2387 ,

482 2403 746 2480 Ecclesiasticum
763 2399 906 2498 Jansenii
920 2400 1059 2494 accepi,
1082 2399 1127 2474 de
1149 2423 1221 2496 quo
1244 2405 1287 2478 ad
1311 2423 1391 2478 eum
1419 2403 1536 2479 scnbo.
1583 2405 1654 2481 Re·

435 2501 596 2598 sponsum
619 2499 669 2572 est
697 2500 741 2572 ad
763 2499 872 2572 literas
894 2497 1015 2570 mensis
1039 2497 1248 2571 Decembris.

482 2599 540 2674 De
563 2599 779 2672 Tzommone
806 2592 871 2685 jam
892 2591 980 2666 binis
995 2593 1120 2684 literis,
1143 2615 1186 2666 er
1209 2593 1359 2670 Consilio
1383 2596 1440 2674 ubi
1458 2617 1497 2672 ea
1516 2617 1571 2671 res
1586 2600 1655 2694 agi·

434 2710 512 2865 gur,
533 2694 623 2863 berig
640 2693 770 2786 sperare
785 2688 916 2785 jubeor.
953 2689 1049 2788 Quid
1067 2691 1203 2765 tandem
1221 2689 1376 2766 futurum
1390 2695 1453 2786 sit,
1472 2694 1573 2768 valde
1587 2698 1655 2772 avi-

461 2795 543 2866 eex
568 2813 587 2861 e
623 2812 656 2861 o.

482 2813 684 2978 Utiiegina
705 2881 809 2957 isthac
821 2879 864 2954 ad
886 2901 977 2955 mare
994 2881 1203 2972 deducatur,
1224 2879 1381 2976 illincque
1403 2885 1472 2959 huc
1490 2888 1657 2982 naviget,

434 2983 523 3078 jam,
553 2999 657 3076 puto,
689 2982 863 3052 decretum
884 2977 946 3052 est.
1001 2979 1095 3052 Nam
1118 2977 1299 3066 adventius
1315 2981 1437 3054 Turcae
1458 2983 1655 3056 Mediterra-

434 3101 540 3153 neum
558 3097 649 3154 mare
664 3075 823 3150 infestum
840 3075 963 3149 reddit.
1011 3075 1069 3148 De
1088 3095 1195 3148 uxore
1214 3077 1478 3169 Amplitudinem
1501 3075 1652 3152 vestram

433 3178 590 3248 manibus
614 3173 651 3246 &
674 3173 819 3265 pedibus
837 3169 939 3244 adniti
962 3171 1066 3245 velim
1092 3187 1133 3245 ut
1157 3174 1297 3244 omnino
1321 3171 1431 3244 verriu
1453 3175 1543 3258 uni,
1567 3171 1654 3248 &fi

433 3286 502 3358 qua
524 3269 594 3342 fieri
614 3267 837 3358 potestante,
859 3281 898 3338 ut
922 3267 960 3338 dr
974 3267 1045 3360 ipse
1068 3268 1101 3341 ei
1118 3267 1262 3354 suadeo,
1283 3265 1417 3352 hortor,
1439 3285 1580 3341 monuo.
1605 3269 1656 3342 Et

431 3363 523 3436 sisrc
538 3362 763 3452 Amplitudini
781 3361 900 3436 vestrae
921 3364 1056 3436 videtur
1071 3363 1270 3452 convenire,
1301 3358 1398 3434 velim
1421 3359 1545 3435 filiolos
1567 3363 1657 3440 duos

431 3455 571 3550 maiores
593 3475 672 3528 cum
690 3455 854 3528 Cornelio
871 3455 978 3529 statim
994 3459 1062 3531 huc
1076 3477 1270 3547 accurrere,
1290 3476 1336 3529 ne
1349 3471 1424 3531 tora
1437 3455 1566 3532 nmilia
1580 3481 1657 3536 mea

432 3555 494 3628 uni
517 3550 597 3628 navi
616 3550 862 3638 committatur,
884 3554 1024 3630 omnino
1045 3555 1134 3628 illam
1150 3554 1287 3643 venire,
1310 3555 1378 3628 live
1400 3553 1481 3628 mari
1502 3555 1572 3629 five
1593 3572 1656 3630 ter·

432 3652 494 3743 ri,
517 3651 614 3727 etiam
628 3667 730 3742 atque
751 3646 849 3722 etiarn
868 3663 977 3742 optut
999 3669 1192 3744 quanquam
1208 3649 1290 3724 mari
1309 3651 1425 3724 venire
1446 3651 1483 3724 dt
1501 3671 1653 3726 commo·

433 3751 532 3840 dius,
555 3747 591 3823 bt
611 3745 720 3820 ninus
739 3743 972 3840 sumptuosum
988 3747 1134 3820 videtur,

478 3847 604 3921 Literns
620 3843 787 3939 Mepschii
809 3843 853 3916 de
870 3843 997 3936 Pyratis
1018 3843 1085 3916 suae
1103 3839 1268 3934 Maiestati
1284 3844 1455 3939 legeram,
1477 3857 1655 3936 antequam

429 3943 611 4032 postremae
634 3942 737 4014 literae
756 3939 890 4031 Ducis,
911 3961 989 4013 curn
1014 3939 1052 4014 iis
1074 3937 1341 4026 consentientes,
1363 3938 1593 4028 adferrentur3
1616 3939 1656 4010 ii·

432 4035 573 4124 mulque
593 4033 672 4104 dedi
687 4051 874 4122 operamur
895 4031 930 4103 in
945 4035 1106 4107 memoria
1123 4037 1179 4108 ura
1197 4033 1354 4130 Maiestas
1372 4035 1491 4106 habeat
1512 4053 1589 4126 quae
1607 4034 1654 4108 de

431 4125 570 4216 optimis
586 4122 724 4210 officiisa
747 4125 784 4193 δι
801 4122 926 4196 damnis
945 4131 1114 4220 receptis,
1135 4132 1219 4204 olim
1237 4128 1335 4204 fuere
1356 4128 1545 4223 perscripta.
1574 4130 1656 4206 Nec

428 4221 626 4303 omittetur,
649 4217 731 4308 quin
751 4217 836 4291 illius
851 4219 954 4310 ratio,
978 4224 1028 4294 uti
1044 4245 1103 4315 par
1119 4225 1192 4317 est,
1215 4227 1390 4302 habeatur.

480 4316 571 4392 Veni
594 4311 638 4387 ad
662 4311 810 4386 mensem
837 4314 1080 4408 sebrandum,
1111 4321 1171 4394 ubi
1199 4323 1346 4414 primum
1370 4321 1515 4416 magistri
1539 4320 1655 4419 Jacobi

430 4415 608 4514 negotium
636 4409 670 4488 se
689 4409 821 4504 offert3
851 4411 895 4488 de
920 4433 992 4507 quo
1019 4416 1127 4514 primi
1151 4417 1330 4498 occasione
1356 4419 1511 4496 reseram.
1564 4417 1655 4490 Nam

1518 4527 1656 4607 l‘lOPtet
