3736 5142
447 521 1557 644 amemmmnmmmmmmmmmm

564 745 1031 880 motsmocn
1117 749 1530 840 Lxxxxvt

495 961 612 1044 Aac.
658 954 832 1066 Philippi
866 952 990 1066 Regis
1027 951 1171 1068 sponso
1211 956 1288 1036 incr
1321 953 1431 1064 fonto
1470 966 1659 1066 maturat.

442 1071 512 1158 Dc
539 1069 686 1155 Gratia
709 1065 918 1161 Genitali,
972 1090 1056 1148 nom
1074 1063 1322 1148 conciliandis
1346 1063 1556 1174 Belgarum
1578 1063 1663 1146 oni·

444 1182 515 1266 mis
532 1182 607 1265 oin
627 1179 805 1264 inlitora
823 1176 872 1290 fit
892 1237 906 1273 ,
987 1180 1116 1288 opponi
1135 1173 1363 1288 sollicitudo.
1419 1175 1558 1258 Motus
1578 1173 1663 1270 illi,

444 1317 491 1382 nc
517 1291 636 1377 molto
660 1291 734 1375 illic
748 1293 965 1402 pertincant
984 1291 1036 1374 nd
1051 1285 1310 1398 stabiliendum
1337 1287 1574 1395 quorumdam
1597 1309 1671 1368 tm··

437 1404 585 1513 perium
610 1459 621 1496 ,
650 1429 713 1486 mo
742 1403 772 1484 is
800 1413 908 1510 quom
937 1399 1152 1506 miscrorum
1174 1420 1329 1478 nitimoc
1354 1397 1448 1480 conl
1466 1395 1662 1478 lconndos.

443 1509 620 1596 Eotcmm
638 1510 683 1590 dc
695 1428 869 1617 fodinis
888 1505 1142 1624 criminalibus¹
1156 1507 1208 1605 &
1226 1503 1560 1624 Tppogroplooinm
1581 1535 1600 1586 o
1627 1529 1669 1590 c-

441 1621 507 1704 ris.
563 1618 779 1704 Antornos
807 1615 927 1694 omnis
955 1638 993 1695 tn
1020 1613 1160 1720 Belgio
1187 1637 1304 1721 penos
1329 1614 1536 1698 Concilium
1596 1641 1668 1698 nr-

440 1727 604 1826 bornnt‚·
627 1727 710 1811 loinc
735 1722 885 1835 quercla
916 1720 1091 1828 Hoppcri
1109 1721 1303 1832 Confilinm
1322 1723 1540 1808 Privatum
1573 1721 1670 1812 ocri

442 1839 596 1946 &ipsi
623 1863 665 1920 rc
689 1835 893 1942 privotnm
923 1825 1091 1939 offellum
1125 1825 1200 1941 offo.
1261 1831 1421 1915 Pirotae
1453 1839 1493 1914 in
1523 1833 1662 1950 Fufio.

443 1948 600 2035 Elbcrti
622 1942 812 2039 Lconini,
841 1939 939 2024 olori
951 1938 1055 2048 opncl
1068 1935 1327 2049 Lovonicnscs
1376 1943 1458 2026 nris
1478 1943 1664 2056 Constant,

445 2060 490 2152 dc
510 2053 800 2144 Motlcnoticis
817 2049 956 2164 scholis
981 2049 1160 2134 habendis
1174 2052 1308 2162 respon
1328 2079 1401 2137 nm.
1456 2053 1524 2140 Dc
1551 2057 1663 2166 Epis-

444 2193 580 2371 illl
583 2157 1470 2398 'licl'ltli{⁹⁶12litl0ltillllllil
1511 2169 1660 2286 Μ’

446 2471 526 2738 β.
548 2570 587 2642 Ρ.
610 2566 815 2644 Reverende
832 2564 952 2640 Prasul
972 2565 1083 2639 literas
1102 2565 1339 2658 Amplitudinis
1354 2567 1472 2643 vestm
1488 2568 1543 2646 ili
1565 2572 1665 2667 hujus

461 2668 581 2758 criptas
606 2665 734 2739 XVHI.
761 2662 907 2755 eiusdem
931 2662 1078 2755 accepi,
1102 2666 1171 2737 una
1191 2684 1269 2736 cum
1295 2667 1457 2759 exemplis
1474 2667 1610 2742 aliamm
1628 2673 1666 2744 ll·

446 2777 591 2838 tetarum
605 2763 644 2834 iis
658 2758 788 2852 iucem.

452 2942 461 2954 Α
492 2859 645 2932 Uxorem
670 2857 826 2930 Bruxellai
856 2857 990 2929 tandem
1014 2852 1176 2927 excelitiie
1200 2857 1345 2950 gaudeo.
1393 2859 1447 2930 Ac
1472 2881 1665 2956 quanquam

445 2953 585 3049 quidem
603 2952 696 3028 initio
713 2951 867 3023 dolebam
885 3003 899 3038 ‚
920 2951 1015 3042 quod
1034 2962 1111 3021 cum
1131 2953 1323 3026 cantoribus
1345 2959 1593 3044 montoillot,
1617 2975 1663 3027 ta·

446 3071 526 3126 men
545 3049 620 3142 post
635 3049 677 3122 ab
693 3049 732 3122 iis
749 3047 934 3141 intelligens
951 3049 986 3120 in
1001 3045 1134 3139 quantis
1154 3049 1309 3138 periculis
1328 3050 1391 3120 smt
1405 3051 1518 3122 versati
1537 3102 1549 3136 ‚
1573 3053 1662 3122 bene

446 3145 621 3217 nobiscum
638 3144 752 3219 censui
768 3147 834 3217 eiie
849 3143 960 3216 atium
978 3195 991 3230 ‚
1014 3141 1107 3234 quod
1125 3141 1283 3215 Goudam
1301 3143 1453 3234 tantisper
1473 3145 1663 3237 conceffit,

445 3241 557 3312 donec
573 3241 707 3330 Regina
723 3243 864 3327 veniat,
888 3239 926 3310 δι
941 3235 1043 3310 claffis
1059 3253 1201 3328 paretur.
1249 3239 1329 3332 Quo
1350 3239 1438 3308 iacto
1454 3290 1468 3322 ‚
1490 3241 1662 3315 admoneo

445 3329 534 3406 illam
552 3353 615 3421 per
641 3335 747 3405 literas
766 3350 803 3408 ut
830 3336 991 3407 continuo
1015 3333 1214 3406 Gandavum
1240 3351 1415 3418 recurrat,
1439 3332 1477 3408 δι
1502 3337 1545 3406 de
1573 3337 1664 3412 bont

446 3425 524 3502 navi
548 3426 606 3500 fibi
630 3429 838 3516 prospiciat,
866 3449 932 3518 qua
955 3431 1001 3500 in·
1019 3449 1056 3499 re
1082 3429 1176 3520 spero
1201 3427 1450 3502 Illustriffimum
1475 3431 1665 3507 Dominum

444 3521 580 3596 Ducem
611 3517 709 3594 suum
740 3521 786 3593 illi
808 3521 961 3594 favorem
982 3543 1051 3596 non
1075 3525 1238 3598 illibenter
1256 3523 1513 3616 praestaturum,
1536 3532 1588 3601 uti
1610 3530 1666 3600 luo

444 3617 650 3693 Excellentia
668 3613 736 3712 ipsa
754 3616 867 3690 adme
888 3616 1034 3712 scripsit,
1059 3619 1095 3692 δι
1118 3621 1205 3690 illam
1227 3620 1346 3690 ‘denuo
1368 3641 1461 3693 nunc
1487 3644 1571 3714 rogo
1600 3641 1666 3712 per

309 3734 315 3746 ·
443 3736 536 3792 meas
551 3715 673 3791 literas.
722 3715 775 3787 Ac
790 3734 896 3807 quum
921 3713 979 3786 sua
1000 3715 1153 3806 Maiestas
1175 3714 1248 3786 heri
1263 3712 1343 3784 mihi
1369 3715 1452 3785 dixit
1474 3717 1664 3790 Dominum

447 3809 699 3888 Chantoneium
718 3833 786 3886 non
808 3813 922 3888 venire
939 3835 1015 3890 cum
1036 3813 1196 3906 Regina,
1218 3809 1276 3884 sed
1291 3829 1422 3881 manere
1448 3811 1483 3881 in
1507 3809 1664 3882 Comitiis

447 3907 675 3999 lmpemlibus
695 3932 705 3983 ε
723 3911 826 3982 velim
845 3930 985 3982 uxorem
1004 3909 1053 3980 alii
1071 3909 1192 3996 alicui,
1208 3907 1269 4002 qui
1282 3903 1510 3978 authoritatem
1529 3905 1663 3994 habeat,

445 4005 702 4090 commendari,
724 4006 768 4073 ad
796 4025 897 4093 quem
918 4055 933 4090 ‚
954 4005 980 4072 fi
1002 4005 1140 4090 quando
1159 4025 1247 4094 opus
1270 3999 1348 4084 est,
1372 4019 1542 4088 recurrat3
1569 3999 1665 4092 quod

444 4091 671 4182 Amplitudini
688 4093 802 4165 vestrae
818 4113 924 4165 totum
949 4097 1089 4170 comitto
1111 4119 1151 4169 ac
1167 4099 1385 4172 commendo.

491 4185 660 4276 Reginam
686 4189 720 4258 in
748 4187 865 4258 itinere
891 4190 982 4275 effe,
1014 4209 1133 4263 omnes
1158 4193 1379 4285 gaudemus3
1402 4195 1439 4268 &
1463 4211 1575 4268 tamen
1600 4207 1668 4268 tam

445 4283 524 4362 lenti
541 4281 652 4355 sumus
667 4279 701 4356 in
727 4281 884 4355 omnibus
912 4301 951 4355 ut
968 4283 1068 4377 ipsam
1086 4289 1219 4360 credam
1238 4289 1466 4384 adfuturam,
1489 4305 1667 4384 antequam

444 4383 489 4460 de
506 4379 578 4481 e'jus
599 4377 791 4478 acceptione
806 4381 862 4458 hic
878 4381 1064 4483 quidquam
1081 4381 1250 4462 (taccam.
1519 4479 1557 4558 R
1602 4479 1610 4496 ι

1557 4497 1666 4573 egtnm
