3746 5142
283 543 288 554 .
440 469 530 579 rso
566 459 580 477 “·
600 451 904 586 joannitii
932 453 1208 557 horrent
1228 455 1557 556 hrrsro'rm

378 705 381 710 ,
492 621 550 702 A'u
567 617 984 703 literreCalend.'Oi³tob.
1011 624 1492 723 scriptas,nihi1hicdicarn,
1521 613 1664 718 quando

445 728 551 800 sexies
562 739 622 796 aut
637 723 755 816 septies
771 725 815 796 ad
834 745 889 798 eas
902 722 1069 818 respondi
1111 723 1158 796 Et
1171 723 1309 816 quidem
1329 721 1450 792 abhinc
1463 723 1563 794 ctiam
1579 743 1664 814 pau·

446 822 493 892 cir
507 819 654 909 diebus,
677 820 859 912 exquibus
876 821 1052 894 nonnullas
1071 817 1174 894 salvas
1194 817 1357 907 evanue,
1380 816 1419 890 δι
1437 817 1482 890 ad
1506 837 1570 890 uos
1589 837 1665 910 per·

444 917 550 1005 latas,
573 914 882 1009 fanaaccepinus.

490 1011 548 1086 De
563 1013 661 1100 novis
679 1010 959 1102 cantilenaris,
984 1031 1132 1106 quotum
1151 1009 1290 1104 epistola
1312 1009 1356 1081 ad
1372 1007 1443 1082 iv.
1459 1007 1666 1082 Novembris

446 1107 563 1200 scripta
579 1107 761 1196 meminit,
783 1107 847 1200 iam
859 1107 1092 1184 audiveramus
1112 1131 1126 1200 3
1149 1108 1186 1180 ἅ
1212 1123 1300 1202 puro
1319 1104 1538 1198 superioribus
1560 1103 1664 1178 literis

446 1203 491 1276 de
506 1205 545 1277 iis
561 1225 616 1278 me
632 1205 860 1300 perscripsisse.
894 1205 1074 1301 Placetque
1098 1201 1246 1292 eterno-3
1263 1221 1327 1278 nec
1349 1199 1468 1272 dubito
1484 1202 1565 1309 quin
1580 1197 1666 1272 Hes·

445 1298 527 1374 selio
542 1301 657 1373 nostro
674 1303 802 1374 occasio
823 1300 904 1374 hinc
932 1300 1085 1374 nascetur
1109 1301 1153 1373 ad
1177 1297 1302 1389 majora
1326 1296 1555 1388 perveniendo
1597 1293 1665 1368 Cui

446 1393 593 1468 studium
607 1396 643 1468 dt
657 1395 808 1467 officium
824 1416 946 1466 meum
957 1413 1169 1486 nequaquam
1187 1389 1305 1462 deerit.
1344 1389 1455 1465 Miror
1475 1414 1517 1465 ex
1538 1391 1663 1464 secreto

447 1489 598 1564 Consilio
610 1489 741 1559 nuilum
758 1489 974 1576 adhibitum,
997 1509 1061 1560 nec
1076 1503 1268 1577 quenquam
1284 1505 1327 1557 ex
1350 1483 1502 1561 Constho
1522 1487 1667 1560 Brabon-

443 1583 520 1656 tiae:
597 1583 677 1654 ade
694 1602 731 1652 re
745 1581 868 1674 aliquid
882 1580 1188 1673 fortasse-potuisset
1200 1577 1315 1652 evirati
1330 1579 1552 1674 difficultatis,
1563 1597 1666 1676 prout

443 1697 526 1770 gens
540 1679 562 1748 il
609 1675 742 1764 suorum
760 1676 1007 1769 privilegiorum
1027 1677 1076 1750 est
1095 1691 1206 1748 tenax.

426 1809 433 1826 =
491 1772 654 1848 Demiror
671 1771 756 1863 quid
770 1771 942 1845 Dominus
956 1770 1152 1845 Everardus
1168 1789 1212 1842 ert
1224 1771 1322 1844 Frista
1345 1771 1462 1844 nostra.
1478 1772 1518 1846 iit
1550 1777 1668 1850 allatu·

444 1889 530 1942 rus:
560 1865 824 1958 ac-potiffimum
852 1868 992 1960 quidem
1018 1869 1061 1941 de
1087 1865 1310 1940 Snekenslbus
1333 1868 1447 1955 meis,
1474 1871 1670 1963 exquibus

445 1984 517 2038 non
531 1963 667 2050 nullos,
683 1983 779 2054 ¹quos
792 1962 899 2056 probe
923 1963 1035 2051 novi,
1063 1959 1259 2036 insolentius
1277 1961 1310 2036 se
1334 1965 1483 2038 habuisse
1497 1964 1668 2062 intelligo.

444 2059 533 2132 Non
555 2057 653 2152 potui
666 2076 779 2131 autem
798 2057 982 2146 omittere,
1005 2057 1087 2150 quin
1103 2055 1194 2152 apud
1211 2057 1399 2132 Dominum
1425 2059 1670 2155 Arenbergert-

403 2230 404 2234 Ν
445 2153 517 2228 sem
541 2175 611 2248 pro
623 2154 700 2246 ipsas
721 2154 987 2244 intercederem
1014 2169 1080 2242 ut,
1102 2155 1129 2227 fi
1153 2153 1290 2244 quando
1309 2155 1477 2227 servitium
1499 2155 1611 2250 Regis
1628 2159 1667 2232 ot

446 2251 575 2327 bonum
591 2253 765 2344 pubiicum
779 2251 814 2326 id
829 2266 1032 2344 pateretur,
1051 2269 1124 2326 non
1138 2250 1202 2324 sint
1212 2248 1402 2345 postremi,
1424 2251 1486 2344 qui
1500 2253 1666 2345 praefidia-
1722 2327 1726 2334 ,

444 2350 494 2424 rio
509 2349 614 2422 milite
627 2349 819 2424 liberentur.
1125 2428 1127 2434 ,

331 2451 334 2464 ’
491 2444 586 2544 Quid
608 2443 652 2516 de
671 2445 772 2538 gratia
785 2445 929 2539 generali
945 2444 1179 2536 effecerimus,
1190 2443 1255 2536 ianr
1269 2459 1361 2538 puto
1377 2446 1423 2517 A.
1443 2441 1515 2518 V²¹¹¹
1534 2467 1664 2540 cogno·

442 2541 533 2616 vilse.
569 2537 771 2615 Communis
782 2562 900 2614 eorum
914 2542 972 2634 qui
988 2541 1138 2616 Consilio
1151 2541 1354 2614 adhibentur
1371 2594 1384 2632 ,
1407 2539 1566 2616 sententia
1582 2539 1662 2632 est,

442 2641 515 2712 iton
532 2638 713 2714 convenire
731 2653 771 2710 ut
790 2639 833 2710 acl
851 2640 986 2732 gratian
1006 2643 1195 2732 generarem
1218 2639 1460 2731 perveniatur,
1484 2653 1662 2730 antequam

441 2733 477 2808 in
494 2734 679 2808 nonnullos
700 2735 857 2810 authores
886 2735 967 2806 mali‘
991 2736 1032 2822 stt,
1056 2733 1331 2808 aninudversum.
1380 2731 1528 2810 Addunt
1550 2752 1664 2808 autem

438 2830 763 2905 mimdvemonem
783 2831 921 2905 brevem
945 2883 957 2918 ,
980 2831 1018 2904 δι
1034 2833 1068 2902 in
1094 2849 1220 2923 paucos
1247 2831 1312 2904 else
1340 2830 1494 2920 debete,
1526 2831 1667 2922 gratiarn-

443 2930 747 3020 annemundum,
770 2926 808 2998 tlt
823 2928 857 3000 in
875 2926 1058 3000 universos.
1154 2997 1157 3003 ,
1405 2955 1408 2964 ·

487 3023 546 3096 De
558 3025 655 3098 causa
670 3025 715 3096 sl.
740 3023 797 3097 V²
821 3023 888 3118 jam
908 3043 987 3098 cum
1006 3023 1178 3098 nonnuliis
1193 3021 1248 3119 egi
1266 3022 1391 3115 saepius.
1438 3021 1566 3096 Omnes
1588 3041 1663 3096 oru-

441 3135 519 3190 nem
538 3139 675 3210 operam
694 3119 893 3212 pollicentur
913 3119 1119 3209 liberalitera
1137 3141 1201 3192 nec
1223 3119 1368 3206 dubito,
1391 3121 1470 3210 quin
1487 3117 1585 3190 brevi
1604 3119 1664 3190 ali-

440 3211 526 3301 quid
538 3212 617 3283 Rex
634 3213 768 3289 strtuet.
810 3216 924 3310 Quem
937 3215 1045 3306 ipsum
1065 3219 1164 3288 etiam
1183 3213 1280 3290 statui
1295 3215 1412 3288 iterum
1434 3213 1620 3288 convenire
1650 3237 1661 3287 r

439 3325 515 3378 nam
535 3305 615 3378 nihil
633 3311 942 3398 omittam‚quosi.
959 3311 1046 3398 Vr,
1067 3311 1164 3405 cuius
1185 3331 1278 3385 totus
1292 3309 1384 3402 sum,
1400 3307 1540 3387 serviam
1560 3308 1664 3384 edam

439 3423 516 3477 cum
535 3401 647 3493 aliquo
661 3403 794 3495 pudore
811 3424 901 3476 meo.

483 3497 611 3571 Literur
632 3509 722 3572 nona
737 3499 791 3572 die
823 3499 981 3577 Octobris
1004 3503 1136 3594 scriptas
1156 3503 1373 3592 intercidisse,
1396 3509 1490 3580 certe
1506 3505 1660 3576 nondum

440 3595 586 3670 redditas
603 3595 735 3690 dolena
758 3617 802 3670 eo
815 3599 917 3692 magis
933 3602 1027 3691 quod
1053 3597 1192 3688 Domini
1215 3599 1359 3696 Jansenii
1389 3601 1523 3676 libellus
1552 3619 1661 3692 nuper

363 3781 369 3796 .
438 3692 576 3782 editus,
600 3714 679 3766 cunr
698 3693 746 3766 eis
764 3691 965 3787 conjuns'tus
981 3713 1080 3786 erat,
1098 3717 1200 3789 quern
1224 3697 1322 3769 valde
1335 3715 1425 3770 aveo
1443 3696 1660 3792 cognoscere:

437 3789 476 3864 dt
498 3791 578 3864 item
601 3793 745 3866 alterurn
762 3793 856 3866 illum
869 3789 1026 3884 majorem
1038 3845 1050 3884 ‚
1064 3793 1108 3866 ad
1124 3793 1308 3867 Proverbia
1319 3794 1534 3880 Salomonis,
1553 3811 1659 3883 quem

437 3885 485 3956 uh.
511 3885 567 3954 V²
593 3887 775 3961 dedicavit.
822 3885 904 3980 Eius
925 3891 1054 3962 causam
1077 3889 1141 3982 jam
1165 3887 1253 3982 saepe
1271 3891 1325 3982 egi
1350 3911 1426 3965 mea
1445 3889 1596 3982 sponte,·
1621 3885 1660 3956 dt

437 3975 664 4076 lirntmenses
686 3999 782 4069 tres,
805 3985 882 4074 plus
907 3986 1050 4072 minus,
1082 3985 1176 4074 quod
1202 3985 1280 4059 Rex
1298 3985 1422 4060 diecret
1447 3982 1529 4073 (uti
1556 3981 1660 4052 eriam

435 4070 540 4140 credo
563 4069 713 4161 scripsisse
736 4095 791 4147 me
818 4077 941 4243 prius?
960 4081 1083 4149 Romae
1105 4081 1217 4153 omnia
1237 4079 1310 4154 asia
1329 4077 1485 4154 musaea
1512 4077 1578 4150 elle
1610 4075 1658 4150 de

436 4165 597 4260 pensione
631 4165 838 4259 Hispaniensi
866 4191 879 4259 3
924 4173 967 4244 ed
1000 4194 1062 4246 nec
1091 4173 1126 4246 in
1154 4179 1292 4268 negotio
1314 4175 1431 4250 sandi
1455 4177 1547 4249 Perti
1575 4173 1661 4246 illius

436 4255 654 4338 oblitus'sum
674 4283 688 4354 3
711 4281 803 4353 trec,
826 4285 905 4338 cunr
934 4265 1012 4341 usus
1039 4267 1152 4360 feret,
1174 4269 1378 4362 obliviscar,
1399 4287 1661 4367 quantumcum-

434 4379 501 4457 que
518 4360 707 4456 importune
725 4359 760 4434 id
778 4359 1039 4440 attolleretur
1058 4365 1094 4438 δι
1122 4382 1289 4458 urgeatur.
