3746 5142
274 539 362 628 AD
377 530 620 626 ViGLlUM
635 547 694 616 AB
709 529 917 618 AYTTA
934 527 1285 626 ZUiCHlSMUM.
1321 566 1399 649 105

174 699 309 774 Medici
330 715 479 780 omnes,
514 709 601 783 quos
625 685 727 760 habet
758 687 961 761 doiliffimos
990 691 1150 784 Regios,
1176 694 1397 786 desperarent

56 817 58 824 ¹
178 794 350 869 Caeterum
374 793 466 864 valet
487 807 602 872 nunc,
626 785 708 858 Deo
731 787 960 878 approbante,
982 791 1125 877 mellus,
1148 791 1182 862 dt
1208 795 1310 866 cvasrt
1325 818 1398 870 orn-

181 909 224 964 ne
290 889 448 962 ticulum.

222 914 291 1059 Ερίῗ
316 983 470 1057 Domino
492 981 526 1052 T
529 979 672 1070 yirnco,
696 977 732 1048 dc
755 977 856 1064 miri,
878 999 1021 1071 magnus
1043 979 1128 1072 saepe
1146 984 1297 1056 cumillis
1314 1008 1397 1061 con·

180 1082 318 1168 illitum
341 1082 424 1150 dum
447 1076 598 1148 Consilio
613 1074 718 1166 Regis
732 1071 766 1144 se
784 1094 853 1144 non
869 1075 1101 1160 adhiberi,·&
1127 1078 1271 1152 Comitia
1294 1103 1399 1173 gene·

180 1180 285 1262 talia,
306 1175 342 1245 in
363 1174 485 1264 quibus
509 1169 638 1242 unicam
661 1169 752 1262 spem
777 1170 987 1242 continendae
996 1172 1204 1263 Reipublicae
1221 1178 1399 1267 collocant,

185 1267 278 1358 rejici
311 1286 573 1358 conqueruntur.
618 1265 806 1349 Praeteren,
829 1268 854 1337 ii
878 1265 962 1356 quid
985 1289 1045 1358 per
1070 1269 1239 1342 Dominos
1262 1273 1329 1342 iilic
1352 1275 1402 1344 ei-

184 1365 316 1438 fectum
341 1365 415 1436 Rex
438 1367 538 1448 velit,
563 1361 597 1431 id
621 1380 690 1431 non
706 1383 766 1452 per
782 1361 914 1449 literas,
937 1360 994 1433 sed
1009 1383 1069 1455 per
1088 1363 1144 1454 se,
1167 1389 1253 1458 quos
1271 1369 1314 1439 ad
1332 1371 1400 1441 hoc

185 1459 266 1534 Rex
289 1461 417 1532 mittere
440 1460 603 1544 deberet,
627 1457 749 1530 confici
771 1459 874 1548 porse.

221 1556 288 1630 lle
320 1555 467 1630 miffione
498 1553 623 1627 domini
654 1553 799 1644 Tyiitaci
831 1553 887 1626 vix
919 1555 1021 1628 video
1040 1557 1177 1648 »Regem
1199 1559 1400 1636 constitutu-

185 1670 286 1741 rum,
307 1668 483 1745 antequam
508 1653 552 1722 de
576 1652 630 1722 die
653 1649 776 1722 itineris
800 1649 848 1721 sui
864 1651 1060 1725 decreverit.
1086 1656 1192 1746 ldque
1211 1678 1254 1726 eo
1274 1659 1399 1748 minuc,

184 1749 280 1838 quod
309 1747 437 1838 ipsum,
459 1752 537 1838 ,live
561 1747 721 1835 pudore,
744 1747 811 1817 stne
833 1747 892 1817 alia
914 1749 956 1820 de
980 1749 1096 1835 causa,
1120 1771 1188 1824 non
1212 1753 1399 1828 admodum

187 1843 317 1933 videam
348 1865 478 1937 urgere.
533 1845 610 1934 Ego
640 1843 684 1914 de
714 1841 850 1932 singulis
877 1844 978 1914 literis
1010 1847 1250 1934 Amplitudinis
1280 1852 1399 1922 vestrae

186 1935 429 2031 diligentiffimt
461 1939 506 2010 ad
540 1939 672 2028 Regem
703 1935 844 2020 refer03
867 1935 925 2006 sed
948 1952 987 2006 ut
1008 1939 1084 2010 aliis
1106 1939 1275 2010 disceffum
1299 1945 1403 2034 ipliue

183 2030 376 2124 importune
399 2035 588 2125 postulem,
613 2031 754 2122 percipit
778 2032 978 2122 Amplitudo
993 2031 1121 2117 vestra,
1145 2054 1257 2125 neque
1275 2057 1328 2107 me
1342 2040 1401 2114 de-

184 2150 289 2214 cere,
312 2150 422 2218 neque
445 2151 557 2202 carere
579 2127 715 2199 invidid.
764 2124 876 2197 Unam
901 2125 988 2194 viam
1013 2127 1151 2211 inveni,
1174 2149 1253 2208 meo
1275 2129 1403 2220 judicio

182 2222 416 2306 certiffimam,
438 2245 497 2310 per
516 2221 648 2290 Ducem
670 2220 862 2302 Albanum,
885 2220 1095 2310 prosummo
1103 2220 1221 2294 favore
1234 2245 1305 2318 quo
1319 2231 1403 2300 Am·

185 2315 387 2408 plitudinem
419 2315 557 2387 vestram
589 2313 644 2384 ille
674 2313 927 2404 compleditur3
949 2335 1015 2406 qua
1039 2333 1217 2410 utrumque
1240 2343 1293 2392 me
1310 2339 1402 2414 ,puto

176 2407 390 2482 -effeciurum
413 2433 423 2482 ε
446 2409 589 2492 scilicet,
614 2425 652 2480 ut
675 2409 833 2480 dominus
856 2411 890 2482 T
891 2409 1029 2502 ysnntus
1052 2433 1154 2502 quam
1175 2417 1319 2508 primbm
1335 2435 1402 2508 eat,

177 2504 225 2578 δι
245 2507 341 2578 simul
362 2507 549 2580 Praefidatus
574 2504 611 2576 ἀ
627 2503 729 2596 sigilli
752 2527 854 2607 onere
879 2508 956 2579 Rex
974 2511 1241 2600 Amplitudinem
1261 2515 1402 2590 vestram

175 2603 331 2689 liberet3
353 2605 387 2674 in
410 2623 482 2694 quo
498 2604 569 2694 ipit
593 2601 652 2672 sibi
675 2601 906 2690 persuadebit,
929 2626 1005 2690 me,
1028 2609 1314 2696 quemadmodum
1329 2633 1402 2684 orn-

187 2697 290 2770 nibus
322 2699 452 2784 modis,
488 2699 523 2770 dt
547 2699 571 2770 fi
594 2695 675 2788 quid
698 2699 745 2768 eli
767 2699 925 2789 amplius,
947 2699 1058 2772 debeo
1082 2701 1119 2772 dc
1141 2703 1304 2795 agnosce,
1327 2709 1403 2778 nul-

186 2793 253 2864 lam
285 2810 411 2884 partem
442 2793 541 2867 studii
573 2793 609 2864 dr
633 2789 757 2881 officii,
780 2795 856 2890 (uti
886 2793 1047 2868 haetenus
1076 2816 1132 2866 me
1155 2817 1239 2890 puto
1260 2798 1403 2896 fecine)

184 2886 487 2982 praetcrmillurum.

234 2982 365 3056 Frisium
391 2987 530 3057 nostram
550 2986 844 3078 integram-adhuc
866 2985 951 3071 olle,
976 2990 1055 3058 vere
1080 2988 1154 3062 sane
1180 2991 1403 3066 &exanimo

231 3081 342 3167 odeo,
374 3101 576 3172 quemquam
609 3083 720 3153 nescio
751 3083 833 3174 quid
866 3081 1010 3152 tumoris
1032 3085 1074 3152 nd
1089 3086 1129 3157 .se
1152 3088 1284 3158 allatum
1304 3087 1402 3162 fuilie

202 3174 297 3246 cribit
319 3175 477 3247 dominus
496 3175 743 3250 Commillatius
757 3178 832 3248 Van
849 3177 945 3262 Loo,
969 3179 1027 3266 qui
1044 3200 1113 3252 non
1128 3202 1243 3272 parurn
1260 3203 1402 3277 meper-
1438 3229 1444 3232 -

188 3273 317 3341 terruit.
348 3271 455 3362 Spero
478 3289 573 3361 tum,
595 3273 621 3343 st
644 3274 726 3363 quid
750 3271 818 3358 est,
842 3273 877 3345 id
899 3273 1088 3347 Dominum
1112 3280 1401 3374 Arenbergensem

175 3383 271 3435 mox
295 3366 463 3458 diligendi
486 3366 544 3440 sui
568 3367 811 3460 opprellurum.

225 3459 398 3532 'Proximis
416 3461 642 3554 superioribus
665 3465 765 3536 literis
786 3463 957 3550 Duelliae„
979 3465 1097 3538 additae
1118 3483 1213 3539 erant
1233 3469 1305 3541 nliae
1320 3470 1405 3562 eiul-

188 3554 295 3642 dem,
318 3557 361 3626 de
384 3557 523 3630 domino
541 3559 780 3632 Allonnevillio
798 3561 831 3632 in
852 3559 1038 3632 Consilium
1062 3563 1403 3638 statusndscitsendu

187 3649 247 3724 De
271 3673 342 3744 quo
364 3653 509 3726 adnnmn
532 3675 683 3742 eternus,
705 3655 829 3726 nullutn
852 3657 886 3726 in
909 3655 1009 3727 literis
1033 3663 1098 3726 Am
1126 3658 1272 3730 litudinis
1289 3660 1406 3730 vesttae

187 3745 262 3819 lien'
293 3749 498 3822 mentionem
517 3775 532 3838 ,·
552 3767 630 3836 cut,
654 3752 679 3824 ii
701 3751 736 3822 id
757 3751 824 3822 stne
847 3751 930 3822 scitu
954 3747 1022 3838 ejus
1052 3749 1086 3821 fa
1123 3771 1180 3822 utn
1203 3753 1271 3836 est,
1296 3754 1404 3827 multo

189 3843 296 3934 magis
327 3844 543 3918 admiratione
573 3845 716 3937 dignum
747 3843 863 3916 viden'.
912 3841 1019 3936 Quod
1041 3865 1111 3915 non
1134 3865 1177 3914 eo
1199 3845 1333 3932 quidem
1358 3849 1406 3921 di-

173 3938 369 4024 „cebarnus‚
393 3943 489 4031 quod
512 3963 582 4013 non
607 3941 639 4010 ei
658 3937 842 4010 favendum
868 3934 1089 4024 duceremus,
1113 3937 1170 4010 sed
1192 3942 1287 4029 quod
1302 3965 1404 4038 prop-

189 4046 240 4102 ter
270 4031 389 4108 statum
419 4037 603 4130 temporis,
626 4033 720 4126 quod
742 4031 784 4104 ad
806 4031 973 4124 ejusmodi
994 4054 1047 4106 res
1068 4035 1213 4128 agendas
1236 4037 1307 4112 satis
1328 4045 1403 4118 alie·

189 4142 273 4196 num
298 4127 447 4218 vidente,
468 4132 631 4204 rationem
654 4127 811 4204 ucciandi
833 4127 960 4223 negotii
983 4151 1052 4202 non
1076 4131 1145 4204 satis
1163 4136 1338 4229 quibamus
1353 4140 1403 4213 in·

191 4220 353 4311 telligere.
407 4224 463 4296 De
490 4225 590 4302 saneti
622 4225 768 4298 Bavonit
796 4225 868 4296 aede
899 4225 1071 4301 dilacerata
1104 4233 1247 4322 gmviter
1276 4237 1401 4319 doleo,

190 4313 474 4404 quemadmodum
498 4327 589 4398 certe
614 4323 651 4396 δι
674 4322 718 4393 de
741 4323 920 4412 omnibus,
943 4343 1087 4425 quorum
1112 4329 1311 4418 Amplitudo
1328 4323 1402 4394 ves·

189 4423 239 4483 tra
261 4411 449 4490 munaum
471 4419 506 4494 in
527 4419 630 4498 literis
652 4417 716 4494 suis
738 4419 912 4508 meminit3
928 4419 992 4580 gui
1008 4421 1059 4492 de
1082 4439 1178 4510 curu,
1201 4439 1300 4513 quam
1319 4417 1402 4488 circt
