3736 5142
278 577 361 663 ,ru
379 566 617 664 munnam
635 583 693 650 m
710 563 918 650 Arrun
935 558 1290 654 zurctmmtnr.
1346 557 1429 690 2l7

210 730 304 828 quod
320 730 388 806 fine
408 725 593 804 necteffiute
609 742 686 798 mea
703 719 739 794 in
763 722 848 796 illius
879 721 1016 816 gratiam
1044 715 1155 795 sacerc
1180 723 1253 796 sum
1275 728 1428 808 condius:

209 835 264 908 Ac
281 827 440 922 quoniam
459 825 527 896 mei
550 820 643 893 isthic
666 819 710 890 ad
727 839 864 892 nanum
886 839 957 892 non
974 817 1073 908 sunt,
1096 821 1212 914 quaeso
1235 837 1273 895 ut
1296 827 1434 920 Ampli·'

210 929 296 1004 tudo
316 921 425 998 vostra
449 941 510 996 eor
532 917 702 991 Montano
725 915 863 988 nomine
882 935 962 988 meo
986 923 1210 1004 numerandos
1235 911 1350 994 errrore
1368 941 1429 1003 ve-

211 1027 260 1100 lit.
306 1022 400 1094 Fauo
413 1034 451 1090 ut
471 1015 539 1088 mei
558 1012 720 1086 continuo
738 1011 980 1110 reddantqaut
999 1013 1022 1083 s1
1040 1015 1085 1084 iot
1103 1015 1306 1107 Amplitudo
1317 1020 1434 1094 uestra

211 1117 357 1211 iusserit,
379 1115 434 1186 hic
460 1109 621 1182 Folcardo
639 1129 825 1182 numerem.
862 1107 957 1206 Quid
976 1125 1088 1181 autem
1111 1111 1155 1183 de
1170 1111 1332 1188 solca‘rdo
1348 1134 1432 1189 con-

213 1217 364 1288 stitutum
385 1209 447 1280 erit
470 1208 622 1298 proxime
644 1204 851 1297 perscribam.
898 1233 902 1242 ·

151 1369 154 1376 ,
259 1307 318 1380 Ad
354 1304 499 1395 Nuptias
525 1302 650 1396 Regias
674 1303 778 1372 multa
800 1318 983 1394 parantur,
1005 1301 1229 1396 videmurque
1251 1305 1431 1400 segoviam

214 1405 257 1478 ad
277 1424 330 1476 eas
357 1399 569 1474 celebrandas
595 1395 790 1486 excursuri3
812 1398 904 1470 unde
936 1397 1176 1472 Vallisoletum
1205 1400 1309 1496 usque
1329 1406 1432 1479 uxori

206 1503 370 1584 'obviam‚
393 1499 473 1570 Deo
495 1497 651 1582 volente,
675 1495 869 1586 procedam.

256 1594 484 1670 illustrissimus
502 1592 671 1666 Dominus
691 1585 876 1665 Cardinalis
900 1590 1148 1668 Granvellanus
1166 1592 1268 1666 vaide
1297 1610 1434 1692 optaret

210 1691 344 1766 fratrem
366 1689 465 1764 suum
489 1689 726 1782 Cbampaigny
747 1689 782 1762 in
802 1688 942 1762 Domini
965 1688 1008 1764 de
1026 1688 1162 1764 Totaise
1180 1690 1295 1764 locum
1316 1692 1432 1767 lbcce·

210 1783 295 1862 dero
311 1807 379 1878 qua
404 1787 440 1856 in
459 1785 516 1854 Re
540 1785 739 1871 Amplitudo
769 1783 899 1868 vestra,
921 1802 1057 1871 operam
1082 1788 1127 1856 illi
1155 1807 1276 1860 navare
1295 1792 1433 1880 poterit.

210 1885 304 1958 Nam
330 1878 479 1950 scribitur
498 1875 541 1944 ad
559 1877 696 1945 Ducem
720 1893 783 1962 pro
802 1871 929 1944 adviso.
976 1871 1109 1946 Bellum
1126 1875 1329 1952 Granatense
1346 1905 1434 1954 non-

213 1979 296 2048 dum
327 1989 438 2046 totum
466 1965 680 2060 conquiescit.
738 1967 807 2038 Sed
830 1968 999 2058 speramus
1031 1970 1138 2042 indies
1162 1971 1244 2042 boni
1276 1975 1435 2068 aliquid,

214 2071 311 2166 quod
330 2067 433 2142 finem
459 2063 596 2136 tandem
622 2063 704 2134 huic
729 2062 778 2133 rei
812 2079 878 2135 tam
898 2061 1046 2136 molesia
1064 2065 1225 2158 imponat.

262 2165 347 2240 Non
363 2163 484 2236 dubito
504 2162 587 2252 quin
606 2159 764 2251 proximis
778 2157 880 2232 literis
896 2161 1076 2253 intelligant
1102 2160 1184 2254 quid
1202 2159 1438 2240 illustrissimus·
1462 2247 1468 2260 g

213 2265 299 2338 Dur
314 2261 358 2333 de
376 2259 567 2333 liberalitate
586 2255 696 2348 Regia
714 2273 792 2347 erga
820 2255 1089 2349 Amplitudinem
1118 2257 1259 2331 vestrum
1289 2263 1435 2338 declara-

215 2362 314 2433 verit.
362 2355 410 2430 Et
432 2375 511 2426 cum
536 2353 634 2426 vobis
650 2353 737 2426 bene
757 2353 842 2444 erit,
866 2353 965 2425 etiam
988 2375 1051 2426 nos
1082 2369 1173 2427 certo
1200 2357 1336 2430 confido
1368 2377 1438 2431 vos·

215 2457 352 2530 minime
371 2451 608 2546 neglcciutoc3
629 2469 706 2544 nam
719 2449 1021 2524 hoculberorum
1038 2451 1243 2544 multitudo,
1265 2453 1302 2526 dc
1321 2453 1433 2548 sump

216 2571 269 2626 tus
293 2553 445 2626 immensi
471 2549 609 2624 omnino
625 2543 848 2638 expostulant.
1321 2563 1325 2568 ·
1442 2636 1446 2642 ¹

236 2650 396 2742 'Aggaeo
420 2648 535 2720 nostro
558 2643 684 2734 aliquid
702 2642 886 2718 iosrdiaruot
904 2642 1009 2730 sttui,
1032 2659 1125 2718 certo
1140 2645 1261 2732 video,
1284 2645 1386 2738 idque
1414 2651 1438 2723 b

215 2745 408 2838 Religiqne
433 2741 539 2814 Certo
553 2737 784 2813 mihiaffinnat
805 2739 915 2832 Caryas
933 2741 1014 2814 nihil
1044 2743 1126 2814 dum
1144 2742 1186 2813 ad
1206 2743 1341 2838 Regem
1366 2761 1439 2814 ma-

216 2839 329 2928 nusie3
352 2839 619 2930 necquidquam
646 2834 839 2926 dicturum,
863 2835 923 2909 nist
941 2857 1077 2911 mecum
1102 2860 1138 2913 re
1168 2839 1439 2932 communicata,

215 2935 364 3010 nesciens
383 2953 495 3010 omen
518 2953 594 3026 qua
614 2933 779 3006 internos
804 2933 843 3005 iit
852 2933 1076 3009 necessitudo.

262 3035 390 3127 Magna
406 3053 486 3105 curn
497 3031 549 3102 his
567 3026 710 3102 venitad
727 3029 997 3122 Amplitudinem
1013 3031 1155 3104 vestram
1170 3031 1376 3120 commisso,
1400 3033 1440 3104 im
1471 3115 1475 3124 ¹

214 3151 282 3220 qua
306 3131 394 3201 bene
414 3127 561 3222 gerenda
587 3126 668 3222 (uti
689 3127 894 3218 Amplitudo
915 3125 1021 3200 vestra
1039 3129 1168 3222 optime
1193 3127 1322 3219 saciet)
1343 3145 1441 3200 certo·

213 3227 281 3300 scio
306 3245 375 3298 rent
405 3227 582 3318 gratiorem
605 3221 725 3314 Regiae
750 3223 916 3315 Maiellari
939 3223 1127 3314 facturam,
1149 3230 1249 3316 quarn
1274 3221 1297 3296 sr
1323 3223 1441 3297 nescio

215 3343 298 3415 quas
311 3319 495 3413 provincias
510 3319 653 3410 imperio
672 3319 757 3390 illius
772 3321 940 3412 adjiceret.
987 3321 1045 3394 Ne
1072 3321 1251 3415 quidquam
1278 3317 1443 3393 omitatur¹

216 3417 313 3510 quod
330 3415 372 3488 ud
395 3415 505 3487 Sancti
533 3413 699 3486 Laurentii
721 3421 830 3508 regale
858 3413 1101 3490 Monasterium
1127 3419 1313 3490 ornandum
1339 3413 1439 3508 possit

217 3511 411 3604 pertinere,
433 3511 507 3582 vult
520 3506 597 3580 Rex
613 3510 716 3584 libros
738 3527 856 3584 cantus
874 3521 976 3604 quarn
993 3513 1064 3587 lieri
1091 3515 1187 3608 possit
1203 3511 1437 3607 elegantissime

217 3606 380 3692 describi,
403 3605 505 3700 idque
527 3604 757 3698 Pergameno,
780 3629 850 3680 non
869 3629 914 3679 ex
936 3611 1068 3682 duabus
1094 3611 1239 3700 pellibus
1270 3605 1438 3694 congluti-

215 3720 308 3777 nato.
356 3703 425 3776 Sed
450 3705 549 3776 unius
575 3701 693 3792 pellis,
716 3723 756 3772 ea
780 3702 891 3773 sorrnd
912 3721 951 3771 ac
976 3703 1204 3792 magnitudine
1226 3721 1326 3790 quam
1359 3717 1442 3768 curn>

216 3800 268 3872 his
289 3799 324 3870 in
343 3800 452 3892 pixide
473 3795 624 3870 mittitur.
673 3795 840 3887 Quoniam
856 3805 967 3862 autem
988 3793 1190 3882 Amplitudo
1211 3793 1317 3864 vestra
1337 3788 1438 3864 ordi-

216 3897 266 3970 nis
292 3892 511 3970 Ecclesrallici
535 3889 604 3976 est,
627 3885 664 3960 dc
685 3884 805 3958 nolirae
821 3883 961 3958 nationis
986 3887 1120 3974 Frisrae,
1142 3887 1202 3958 ubi
1227 3885 1324 3962 vituli
1352 3887 1440 3980 opti·

216 3993 289 4079 mi,
312 4013 351 4064 ac
370 3991 502 4082 maioris
523 4003 624 4080 quam
645 3985 737 4056 alubi
755 3981 995 4076 magnitudinis
1020 3981 1106 4058 nasci
1127 3983 1332 4076 creduntur,
1355 3985 1445 4080 petit

138 4085 147 4102 '
218 4087 276 4156 sua
294 4085 449 4177 Maiestas
467 4105 505 4160 ut
521 4102 594 4155 eam
612 4099 725 4154 cutam
744 4081 828 4154 uelit
845 4077 1007 4171 suscipere
1025 4134 1037 4167 ‚
1067 4101 1138 4173 quo
1165 4103 1216 4157 res
1234 4085 1346 4178 quoad
1365 4083 1440 4177 ejus

220 4177 290 4250 sieri
314 4183 455 4271 potest,
484 4184 571 4255 bene
594 4191 750 4272 geratur,
780 4179 883 4269 idque
907 4177 1090 4252 secundum
1122 4179 1370 4254 instructionem
1390 4179 1439 4251 lais

220 4272 401 4369 junctam,
423 4297 525 4372 quam
540 4279 787 4370 interpretatam
805 4273 991 4362 mitterem,
1014 4275 1073 4351 nili
1098 4299 1161 4370 pro
1180 4275 1309 4350 furnulo
1324 4278 1386 4346 hac
1404 4273 1438 4342 in

220 4389 256 4444 re
280 4370 377 4442 datur
406 4373 486 4442 esset
512 4369 736 4466 Anaplituciini
759 4371 877 4444 vestre
902 4373 1050 4468 Jouuueu
1068 4371 1295 4445 Ferdinandus
1312 4371 1354 4438 de
1373 4365 1439 4436 Ca·

220 4487 314 4542 mora
334 4465 702 4563 lustramentum
721 4469 799 4542 olim
812 4467 897 4559 ,nist
915 4467 1036 4558 fallor,
1053 4465 1254 4558 profectus,
1278 4461 1321 4536 ad
1334 4482 1443 4555 quem·
