3736 5142
281 439 364 528 AD
379 433 613 524 ulnarum
631 450 687 516 m
703 425 910 516 Autan
929 379 1289 518 autumentur.
1326 437 1411 539 aar

200 587 286 672 ·'De
308 591 466 686 Negotiis
486 585 722 682 Amplitudinis
738 583 861 694 ‘vestr-ae
883 581 1009 676 aliquid
1028 583 1111 657 boni
1130 586 1209 660 Rex
1225 587 1411 682 mnstltuir,

188 695 283 790 quod
301 689 463 783 proximis
484 685 588 759 literis
608 683 711 757 credo
736 682 873 752 mdicari
893 679 1026 772 poterit.

232 789 301 862 llas
330 789 437 856 literas
456 781 499 852 ad
518 780 662 854 sororem
687 796 797 850 meam
817 777 995 868 Tegnagel
1022 774 1213 866 dignabitur
1237 778 1412 869 Amplitu-

187 885 234 960 do
257 881 361 956 vestra
387 878 564 974 diligenter
581 874 762 950 mittendas
789 891 902 944 curare
931 871 1009 943 nam
1033 871 1119 945 illius
1143 875 1334 966 permagni
1358 875 1409 948 in-

189 980 303 1055 terest.

483 1163 969 1286 ¹EPRISTOLA
1052 1161 1096 1246 C.

247 1394 366 1480 Atto.
401 1391 531 1478 Nune
563 1381 842 1477 Ordinationes
865 1385 985 1499 snper
1009 1379 1162 1496 justitia
1198 1381 1416 1478 Criminis.-

192 1505 296 1596 Duru
322 1501 553 1618 Asianusse
580 1500 778 1613 antiquum
806 1496 920 1583 iniis
947 1521 1086 1582 morem
1104 1496 1270 1610 servare
1293 1502 1416 1602 velle,

192 1618 243 1704 ud
268 1617 491 1726 Happeruru
528 1613 679 1728 scribit.
737 1609 831 1696 Ruta
868 1608 1078 1722 Philippus
1099 1611 1187 1723 jain
1221 1609 1247 1697 ri
1283 1615 1416 1701 multis

180 1725 409 1840 septimanis
431 1703 571 1812 iulium
586 1751 665 1811 curn
678 1723 864 1831 Happeru
874 1720 1084 1832 sermonem
1107 1725 1269 1811 cuntulit
1289 1787 1302 1828 ,
1323 1726 1416 1814 aliis
1497 1829 1499 1836 Ι

192 1838 357 1948 negotiis
398 1853 636 1940 etcuputn53
665 1831 829 1940 quotidie
861 1831 1012 1911 interim
1071 1861 1113 1912 er
1137 1835 1316 1939 scedulus
1335 1864 1418 1922 eram

194 1975 235 2032 ec
262 1947 356 2056 agit.
387 1941 508 2061 quas
526 1943 569 2024 de
587 1939 727 2050 gratia
754 1939 961 2048 generali,
992 1965 1011 2019 c
1044 1937 1157 2021 estam
1185 1939 1264 2063 est,
1295 1963 1419 2028 totum

193 2055 235 2145 iii
255 2057 431 2166 Heppera'
464 2052 573 2160 operui
603 2049 653 2149 ss
675 2049 799 2134 anxis
831 2049 926 2134 aurs
961 2063 989 2129 1γ
1014 2043 1127 2130 essum
1150 2043 1228 2160 effe.
1259 2051 1419 2166 Regina

196 2171 375 2280 nauigat.
416 2161 651 2270 Nuptiarum
676 2179 905 2270 apparatus.
962 2157 1070 2242 Belli
1088 2161 1235 2244 necdum
1257 2165 1420 2251 Granu-

198 2281 314 2394 tenfis
325 2273 428 2386 linis.
468 2270 624 2398 Viglius
658 2269 907 2382 Pergamena
944 2270 1112 2382 ingentis
1145 2275 1419 2382 magnitudinis

199 2415 415 2504 conquirere
443 2382 608 2499 jusus,
634 2381 879 2494 describendis
919 2381 1028 2470 libris
1057 2381 1248 2496 liturgicis
1277 2389 1421 2503 regulis

200 2497 410 2612 manasterii
438 2501 475 2583 S.
502 2494 727 2584 Laurentii.

305 2694 485 2770 liverende
510 2692 657 2766 Domine
683 2689 814 2766 Praesul.
861 2688 984 2793 Debeo
1011 2686 1204 2783 responsum
1232 2691 1274 2766 ad
1299 2693 1425 2771 litteras

314 2791 555 2883 ,Amplitudinis
574 2789 690 2862 vestrae
709 2788 836 2862 XVlll.
857 2786 967 2876 illarii,
991 2787 1082 2860 Vlll.
1106 2787 1204 2860 XlV.
1221 2810 1260 2861 11
1283 2790 1421 2865 XXVI.

225 2887 319 2978 unii,
341 2887 420 2958 XX.
444 2885 524 2978 Julii
541 2907 580 2957 11
599 2888 624 2958 l.
656 2885 711 2958 die
739 2883 881 2977 Augusti
902 2885 1014 2970 datas,
1038 2885 1220 2975 exquibus
1242 2887 1356 2976 primae
1376 2887 1427 2960 V.-

201 2981 301 3075 hujus
325 2983 463 3074 demum
489 2979 584 3055 fuere
608 2982 776 3068 redditae,
799 2980 837 3052 dt
862 2979 1000 3069 quidem
1025 2981 1222 3072 resignata,
1245 2999 1424 3074 propterea

200 3079 297 3176 quod
326 3077 383 3170 qui
404 3097 458 3148 eas
474 3079 628 3169 portabat
647 3075 769 3162 Cursor
793 3078 836 3146 ab
859 3073 1046 3168 Hugenotis
1073 3075 1186 3148 suerat
1208 3075 1422 3170 interceptus.

200 3177 376 3270 Attingam
403 3174 458 3245 hic
484 3173 622 3265 quidem
647 3173 805 3284 singulm
827 3170 886 3242 sed
914 3173 1010 3278 latius
1037 3171 1243 3284 scribamde
1268 3173 1425 3284 omnibus

202 3269 586 3472 tullttsltltl‘
599 3267 679 3450 sii
691 3265 1426 3471 illllsltslffllttattillt

204 3480 316 3536 novas
335 3458 562 3530 ordinationes
584 3457 683 3549 super·
711 3457 837 3552 lulbtia
861 3457 1031 3532 Criminali
1055 3459 1091 3530 dt
1120 3459 1185 3532 aliis
1211 3462 1311 3534 rebus
1335 3461 1429 3536 Civi*

206 3557 297 3630 libus
314 3573 353 3625 11
376 3553 517 3644 politicis
539 3551 633 3626 isthic
652 3537 776 3644 facin,
800 3575 907 3629 manu
922 3554 1085 3648 scriptun,
1108 3555 1152 3628 de
1177 3557 1300 3648 quibus
1323 3576 1426 3648 quam
1575 3589 1584 3609 ·

204 3649 434 3736 exadillrme,
464 3667 626 3742 quantum
653 3652 696 3723 ad
721 3653 890 3742 precipua
917 3651 1022 3738 capita
1048 3653 1196 3733 attinet,
1219 3670 1274 3720 me
1301 3653 1427 3722 referre

204 3747 290 3843 juffit
310 3769 324 3818 t
344 3745 438 3839 quod
460 3767 530 3820 non
555 3747 704 3815 omittam
724 3765 738 3830 3
759 3745 890 3813 addens
907 3743 1082 3829 antiquum
1101 3744 1137 3811 in
1161 3743 1259 3813 rebus
1289 3743 1430 3814 tredan»

204 3845 260 3918 dis
282 3863 432 3931 morem,
454 3861 558 3936 quem
576 3837 803 3908 illustrillrmus
819 3835 903 3905 Dux
929 3835 964 3903 in
992 3835 1165 3924 posterum
1193 3834 1370 3910 observare
1391 3835 1427 3912 se
1461 3843 1465 3850 '

53 3963 55 3970 ’
206 3941 297 4016 selle
320 3961 362 4012 er
380 3939 504 4010 Grauia
524 3933 570 4007 X.
597 3930 743 4024 Augusti
762 3929 805 4002 ad
823 3949 878 3999 me
898 3927 1033 4019 scripsit.

255 4037 313 4109 De
346 4035 447 4106 literis
474 4027 620 4106 Domini.
641 4027 765 4099 Elbetti
789 4024 932 4099 reseram
960 4024 1113 4118 proximi
1134 4025 1328 4120 audientiit
1350 4052 1434 4110 nam·

209 4145 265 4200 tot
289 4129 362 4200 sum
384 4129 450 4200 suae
481 4125 662 4220 Maiestatis
693 4124 929 4215 occupationes
955 4119 1081 4214 utiam
1106 4123 1217 4196 multis
1242 4123 1437 4218 septimanis·

199 4223 413 4296 vaudientiam
435 4224 516 4296 milri
544 4221 623 4294 dore
658 4241 729 4294 non
761 4218 940 4313 potuerit,
960 4239 1151 4312 quanquam
1175 4243 1235 4314 per
1258 4221 1432 4298 schedulas

212 4317 449 4418 perliberaliter
480 4341 518 4394 11
543 4317 703 4416 quotidie.
723 4333 809 4412 agat.
865 4315 945 4390 Nec
966 4318 1117 4390 omittam
1143 4319 1227 4410 quin
1250 4319 1294 4392 de
1316 4321 1432 4418 llere·
