<?xml version="1.0" encoding="UTF-8"?>
<!DOCTYPE html PUBLIC "-//W3C//DTD XHTML 1.0 Transitional//EN"
    "http://www.w3.org/TR/xhtml1/DTD/xhtml1-transitional.dtd">
<html xmlns="http://www.w3.org/1999/xhtml" xml:lang="en" lang="en">
 <head>
  <title>
</title>
<meta http-equiv="Content-Type" content="text/html;charset=utf-8" />
  <meta name='ocr-system' content='tesseract 3.04.00' />
  <meta name='ocr-capabilities' content='ocr_page ocr_carea ocr_par ocr_line ocrx_word'/>
</head>
<body>
  <div class='ocr_page' id='page_1' title='image "./jhopperifrisiie00hoppgoog_0295.png"; bbox 0 0 3736 5142; ppageno 0'>
   <div class='ocr_carea' id='block_1_1' title="bbox 129 565 1408 695">
    <p class='ocr_par' dir='ltr' id='par_1_1' title="bbox 129 565 1408 695">
     <span class='ocr_line' id='line_1_1' title="bbox 129 565 1408 695; baseline 0.009 -12"><span class='ocrx_word' id='word_1_1' title='bbox 129 573 133 578; x_wconf 84' lang='grc'><strong>’</strong></span> <span class='ocrx_word' id='word_1_2' title='bbox 255 583 591 685; x_wconf 80' lang='lat' dir='ltr'><strong>Anvrorrorr</strong></span> <span class='ocrx_word' id='word_1_3' title='bbox 612 600 669 674; x_wconf 83' lang='lat' dir='ltr'><strong>rr</strong></span> <span class='ocrx_word' id='word_1_4' title='bbox 690 581 898 677; x_wconf 78' lang='lat' dir='ltr'><strong>arran</strong></span> <span class='ocrx_word' id='word_1_5' title='bbox 915 565 1271 688; x_wconf 82' lang='lat' dir='ltr'><strong>zurcrmnrurr.</strong></span> <span class='ocrx_word' id='word_1_6' title='bbox 1303 571 1408 695; x_wconf 72' lang='lat'>‘281</span> 
     </span>
    </p>
   </div>
   <div class='ocr_carea' id='block_1_2' title="bbox 37 746 1410 1682">
    <p class='ocr_par' dir='ltr' id='par_1_2' title="bbox 100 746 1410 1524">
     <span class='ocr_line' id='line_1_2' title="bbox 201 746 1410 852; baseline 0.009 -26"><span class='ocrx_word' id='word_1_7' title='bbox 201 771 203 778; x_wconf 89' lang='lat'>·</span> <span class='ocrx_word' id='word_1_8' title='bbox 227 747 373 848; x_wconf 79' lang='lat' dir='ltr'>Regiam</span> <span class='ocrx_word' id='word_1_9' title='bbox 397 748 537 844; x_wconf 79' lang='lat' dir='ltr'><strong>gratiam</strong></span> <span class='ocrx_word' id='word_1_10' title='bbox 558 797 571 834; x_wconf 90' lang='lat'><strong>,</strong></span> <span class='ocrx_word' id='word_1_11' title='bbox 593 763 755 840; x_wconf 88' lang='lat' dir='ltr'><strong>quantum</strong></span> <span class='ocrx_word' id='word_1_12' title='bbox 778 767 823 820; x_wconf 84' lang='lat' dir='ltr'><strong>ert</strong></span> <span class='ocrx_word' id='word_1_13' title='bbox 839 746 937 822; x_wconf 88' lang='lat' dir='ltr'><strong>literis</strong></span> <span class='ocrx_word' id='word_1_14' title='bbox 951 750 1061 824; x_wconf 91' lang='lat' dir='ltr'><strong>Ducis</strong></span> <span class='ocrx_word' id='word_1_15' title='bbox 1078 750 1325 850; x_wconf 85' lang='lat' dir='ltr'><strong>intelleximus,</strong></span> <span class='ocrx_word' id='word_1_16' title='bbox 1343 758 1410 852; x_wconf 87' lang='lat' dir='ltr'><strong>jam</strong></span> 
     </span>
     <span class='ocr_line' id='line_1_3' title="bbox 129 844 1409 942; baseline 0.009 -22"><span class='ocrx_word' id='word_1_17' title='bbox 129 883 137 898; x_wconf 90' lang='lat'><strong>·</strong></span> <span class='ocrx_word' id='word_1_18' title='bbox 186 863 273 940; x_wconf 86' lang='lat' dir='ltr'><strong>puto</strong></span> <span class='ocrx_word' id='word_1_19' title='bbox 290 849 494 942; x_wconf 85' lang='lat' dir='ltr'><strong>publicatam</strong></span> <span class='ocrx_word' id='word_1_20' title='bbox 508 844 577 916; x_wconf 84' lang='lat' dir='ltr'><strong>else</strong></span> <span class='ocrx_word' id='word_1_21' title='bbox 596 893 610 932; x_wconf 92' lang='lat'><strong>,</strong></span> <span class='ocrx_word' id='word_1_22' title='bbox 632 863 787 935; x_wconf 86' lang='lat' dir='ltr'><strong>aveoqrre</strong></span> <span class='ocrx_word' id='word_1_23' title='bbox 806 847 1109 941; x_wconf 83' lang='lat' dir='ltr'><strong>cognoscere&#39;quid</strong></span> <span class='ocrx_word' id='word_1_24' title='bbox 1125 853 1221 926; x_wconf 89' lang='lat' dir='ltr'><strong>vobis</strong></span> <span class='ocrx_word' id='word_1_25' title='bbox 1235 855 1278 928; x_wconf 82' lang='lat' dir='ltr'><strong>de</strong></span> <span class='ocrx_word' id='word_1_26' title='bbox 1300 879 1339 930; x_wconf 90' lang='lat' dir='ltr'><strong>ea</strong></span> <span class='ocrx_word' id='word_1_27' title='bbox 1358 861 1409 932; x_wconf 91' lang='lat' dir='ltr'><strong>vi-</strong></span> 
     </span>
     <span class='ocr_line' id='line_1_4' title="bbox 187 938 1408 1042; baseline 0.011 -28"><span class='ocrx_word' id='word_1_28' title='bbox 187 945 313 1019; x_wconf 82' lang='lat' dir='ltr'><strong>deatur.</strong></span> <span class='ocrx_word' id='word_1_29' title='bbox 360 941 452 1016; x_wconf 90' lang='lat' dir='ltr'><strong>Nam</strong></span> <span class='ocrx_word' id='word_1_30' title='bbox 470 961 515 1012; x_wconf 89' lang='lat' dir='ltr'><strong>ne</strong></span> <span class='ocrx_word' id='word_1_31' title='bbox 531 938 659 1012; x_wconf 74' lang='lat' dir='ltr'><strong>cundia</strong></span> <span class='ocrx_word' id='word_1_32' title='bbox 671 938 869 1014; x_wconf 83' lang='lat' dir='ltr'><strong>satisfaceret</strong></span> <span class='ocrx_word' id='word_1_33' title='bbox 894 939 1022 1034; x_wconf 84' lang='lat' dir='ltr'>semper</span> <span class='ocrx_word' id='word_1_34' title='bbox 1043 945 1114 1016; x_wconf 89' lang='lat' dir='ltr'><strong>sum</strong></span> <span class='ocrx_word' id='word_1_35' title='bbox 1145 949 1294 1042; x_wconf 78' lang='lat' dir='ltr'><strong>veritus3</strong></span> <span class='ocrx_word' id='word_1_36' title='bbox 1316 953 1408 1028; x_wconf 89' lang='lat' dir='ltr'><strong>sunt-</strong></span> 
     </span>
     <span class='ocr_line' id='line_1_5' title="bbox 211 1035 1405 1130; baseline 0.013 -22"><span class='ocrx_word' id='word_1_37' title='bbox 211 1059 254 1110; x_wconf 88' lang='lat' dir='ltr'><strong>ue</strong></span> <span class='ocrx_word' id='word_1_38' title='bbox 277 1039 312 1111; x_wconf 94' lang='lat' dir='ltr'><strong>in</strong></span> <span class='ocrx_word' id='word_1_39' title='bbox 341 1060 380 1111; x_wconf 89' lang='lat' dir='ltr'><strong>ea</strong></span> <span class='ocrx_word' id='word_1_40' title='bbox 407 1035 569 1110; x_wconf 90' lang='lat' dir='ltr'><strong>nonnulla</strong></span> <span class='ocrx_word' id='word_1_41' title='bbox 591 1085 605 1123; x_wconf 94' lang='lat'><strong>,</strong></span> <span class='ocrx_word' id='word_1_42' title='bbox 627 1055 703 1127; x_wconf 84' lang='lat' dir='ltr'><strong>quat</strong></span> <span class='ocrx_word' id='word_1_43' title='bbox 732 1039 838 1129; x_wconf 84' lang='lat' dir='ltr'><strong>magis</strong></span> <span class='ocrx_word' id='word_1_44' title='bbox 858 1037 901 1108; x_wconf 89' lang='lat' dir='ltr'><strong>ad</strong></span> <span class='ocrx_word' id='word_1_45' title='bbox 921 1042 1144 1130; x_wconf 86' lang='lat' dir='ltr'><strong>quorumdam</strong></span> <span class='ocrx_word' id='word_1_46' title='bbox 1170 1048 1405 1123; x_wconf 81' lang='lat' dir='ltr'><strong>authoritatem</strong></span> 
     </span>
     <span class='ocr_line' id='line_1_6' title="bbox 233 1127 1407 1223; baseline 0.012 -19"><span class='ocrx_word' id='word_1_47' title='bbox 233 1127 415 1206; x_wconf 88' lang='lat' dir='ltr'><strong>biliendam</strong></span> <span class='ocrx_word' id='word_1_48' title='bbox 440 1133 478 1205; x_wconf 81' lang='lat' dir='ltr'><strong>dt</strong></span> <span class='ocrx_word' id='word_1_49' title='bbox 491 1131 683 1222; x_wconf 82' lang='lat' dir='ltr'><strong>aagendam</strong></span> <span class='ocrx_word' id='word_1_50' title='bbox 699 1141 714 1217; x_wconf 82' lang='lat'><strong>,&#39;</strong></span> <span class='ocrx_word' id='word_1_51' title='bbox 731 1137 834 1223; x_wconf 76' lang='lat' dir='ltr'><strong>quam</strong></span> <span class='ocrx_word' id='word_1_52' title='bbox 852 1131 894 1204; x_wconf 88' lang='lat' dir='ltr'><strong>ad</strong></span> <span class='ocrx_word' id='word_1_53' title='bbox 915 1134 1048 1210; x_wconf 88' lang='lat' dir='ltr'><strong>miseros</strong></span> <span class='ocrx_word' id='word_1_54' title='bbox 1062 1135 1284 1216; x_wconf 90' lang='lat' dir='ltr'><strong>sublevandos</strong></span> <span class='ocrx_word' id='word_1_55' title='bbox 1297 1145 1407 1220; x_wconf 85' lang='lat' dir='ltr'><strong>facere</strong></span> 
     </span>
     <span class='ocr_line' id='line_1_7' title="bbox 184 1227 1406 1324; baseline 0.011 -23"><span class='ocrx_word' id='word_1_56' title='bbox 184 1227 356 1303; x_wconf 83' lang='lat' dir='ltr'><strong>videntur.</strong></span> <span class='ocrx_word' id='word_1_57' title='bbox 405 1228 460 1299; x_wconf 90' lang='lat' dir='ltr'><strong>Ac</strong></span> <span class='ocrx_word' id='word_1_58' title='bbox 474 1245 666 1320; x_wconf 84' lang='lat' dir='ltr'><strong>quanquam</strong></span> <span class='ocrx_word' id='word_1_59' title='bbox 684 1227 820 1317; x_wconf 89' lang='lat' dir='ltr'><strong>quidem</strong></span> <span class='ocrx_word' id='word_1_60' title='bbox 841 1229 1043 1324; x_wconf 82' lang='lat' dir='ltr'><strong>Amplitudo</strong></span> <span class='ocrx_word' id='word_1_61' title='bbox 1058 1238 1169 1309; x_wconf 87' lang='lat' dir='ltr'><strong>vestia</strong></span> <span class='ocrx_word' id='word_1_62' title='bbox 1185 1239 1221 1310; x_wconf 81' lang='lat' dir='ltr'><strong>dt</strong></span> <span class='ocrx_word' id='word_1_63' title='bbox 1240 1240 1294 1312; x_wconf 87' lang='lat' dir='ltr'><strong>alii</strong></span> <span class='ocrx_word' id='word_1_64' title='bbox 1320 1262 1406 1315; x_wconf 89' lang='lat' dir='ltr'><strong>non·</strong></span> 
     </span>
     <span class='ocr_line' id='line_1_8' title="bbox 185 1321 1406 1422; baseline 0.011 -26"><span class='ocrx_word' id='word_1_65' title='bbox 185 1324 269 1396; x_wconf 89' lang='lat' dir='ltr'><strong>rrulli</strong></span> <span class='ocrx_word' id='word_1_66' title='bbox 286 1343 389 1400; x_wconf 86' lang='lat' dir='ltr'><strong>voces</strong></span> <span class='ocrx_word' id='word_1_67' title='bbox 407 1324 477 1398; x_wconf 88' lang='lat' dir='ltr'><strong>illas</strong></span> <span class='ocrx_word' id='word_1_68' title='bbox 494 1321 819 1412; x_wconf 83' lang='lat' dir='ltr'><strong>comminationum,</strong></span> <span class='ocrx_word' id='word_1_69' title='bbox 840 1325 884 1396; x_wconf 91' lang='lat' dir='ltr'><strong>de</strong></span> <span class='ocrx_word' id='word_1_70' title='bbox 907 1327 1033 1418; x_wconf 90' lang='lat' dir='ltr'><strong>quibus</strong></span> <span class='ocrx_word' id='word_1_71' title='bbox 1047 1329 1156 1404; x_wconf 83' lang='lat' dir='ltr'><strong>scribit</strong></span> <span class='ocrx_word' id='word_1_72' title='bbox 1174 1386 1187 1422; x_wconf 91' lang='lat'><strong>,</strong></span> <span class='ocrx_word' id='word_1_73' title='bbox 1209 1334 1304 1407; x_wconf 78' lang='lat' dir='ltr'><strong>facie</strong></span> <span class='ocrx_word' id='word_1_74' title='bbox 1323 1359 1406 1410; x_wconf 91' lang='lat' dir='ltr'><strong>con-</strong></span> 
     </span>
     <span class='ocr_line' id='line_1_9' title="bbox 100 1417 1404 1524; baseline 0.01 -32"><span class='ocrx_word' id='word_1_75' title='bbox 100 1483 114 1492; x_wconf 79' lang='lat'>.</span> <span class='ocrx_word' id='word_1_76' title='bbox 185 1431 313 1492; x_wconf 88' lang='lat' dir='ltr'><strong>temnat</strong></span> <span class='ocrx_word' id='word_1_77' title='bbox 337 1443 346 1492; x_wconf 91' lang='lat'><strong>:</strong></span> <span class='ocrx_word' id='word_1_78' title='bbox 370 1419 452 1512; x_wconf 91' lang='lat' dir='ltr'><strong>quin</strong></span> <span class='ocrx_word' id='word_1_79' title='bbox 482 1431 594 1490; x_wconf 89' lang='lat' dir='ltr'><strong>tamen</strong></span> <span class='ocrx_word' id='word_1_80' title='bbox 620 1417 860 1492; x_wconf 80' lang='lat' dir='ltr'><strong>multos&#39;male</strong></span> <span class='ocrx_word' id='word_1_81' title='bbox 889 1423 1032 1496; x_wconf 82' lang='lat' dir='ltr'><strong>habeant</strong></span> <span class='ocrx_word' id='word_1_82' title='bbox 1060 1479 1073 1514; x_wconf 98' lang='lat'><strong>,</strong></span> <span class='ocrx_word' id='word_1_83' title='bbox 1106 1427 1142 1500; x_wconf 79' lang='lat' dir='ltr'><strong>dc</strong></span> <span class='ocrx_word' id='word_1_84' title='bbox 1169 1428 1303 1524; x_wconf 84' lang='lat' dir='ltr'><strong>alicujus</strong></span> <span class='ocrx_word' id='word_1_85' title='bbox 1327 1435 1404 1506; x_wconf 90' lang='lat' dir='ltr'><strong>mali</strong></span> 
     </span>
    </p>

    <p class='ocr_par' dir='ltr' id='par_1_3' title="bbox 37 1513 1404 1682">
     <span class='ocr_line' id='line_1_10' title="bbox 37 1513 1404 1682; baseline 0.014 -96"><span class='ocrx_word' id='word_1_86' title='bbox 37 1603 41 1610; x_wconf 28' lang='lat'><strong><em>¹</em></strong></span> <span class='ocrx_word' id='word_1_87' title='bbox 184 1515 280 1682; x_wconf 53' lang='lat' dir='ltr'><strong>ffiusa</strong></span> <span class='ocrx_word' id='word_1_88' title='bbox 299 1513 478 1610; x_wconf 87' lang='lat' dir='ltr'><strong>aliquando</strong></span> <span class='ocrx_word' id='word_1_89' title='bbox 493 1515 557 1588; x_wconf 87' lang='lat' dir='ltr'><strong>elle</strong></span> <span class='ocrx_word' id='word_1_90' title='bbox 580 1513 710 1606; x_wconf 84' lang='lat' dir='ltr'><strong>posent</strong></span> <span class='ocrx_word' id='word_1_91' title='bbox 724 1516 847 1610; x_wconf 88' lang='lat' dir='ltr'><strong>(quod</strong></span> <span class='ocrx_word' id='word_1_92' title='bbox 863 1515 961 1592; x_wconf 88' lang='lat' dir='ltr'><strong>Deus</strong></span> <span class='ocrx_word' id='word_1_93' title='bbox 978 1523 1139 1620; x_wconf 86' lang='lat' dir='ltr'><strong>avertat)</strong></span> <span class='ocrx_word' id='word_1_94' title='bbox 1161 1526 1243 1600; x_wconf 90' lang='lat' dir='ltr'><strong>nihil</strong></span> <span class='ocrx_word' id='word_1_95' title='bbox 1267 1526 1316 1602; x_wconf 89' lang='lat' dir='ltr'><strong>est</strong></span> <span class='ocrx_word' id='word_1_96' title='bbox 1341 1531 1404 1606; x_wconf 90' lang='lat' dir='ltr'><strong>du·</strong></span> 
     </span>
    </p>
   </div>
   <div class='ocr_carea' id='block_1_3' title="bbox 178 1631 1404 2082">
    <p class='ocr_par' dir='ltr' id='par_1_4' title="bbox 220 1631 430 1686">
     <span class='ocr_line' id='line_1_11' title="bbox 220 1631 430 1686; baseline 0.019 -4"><span class='ocrx_word' id='word_1_97' title='bbox 220 1631 288 1686; x_wconf 79' lang='lat' dir='ltr'><strong>um.</strong></span> <span class='ocrx_word' id='word_1_98' title='bbox 413 1658 430 1686; x_wconf 62' lang='lat' dir='ltr'>x</span> 
     </span>
    </p>

    <p class='ocr_par' dir='ltr' id='par_1_5' title="bbox 178 1705 1404 2082">
     <span class='ocr_line' id='line_1_12' title="bbox 228 1705 1403 1818; baseline 0.018 -39"><span class='ocrx_word' id='word_1_99' title='bbox 228 1705 485 1782; x_wconf 81' lang='lat' dir='ltr'><strong>ordinationem</strong></span> <span class='ocrx_word' id='word_1_100' title='bbox 512 1706 612 1797; x_wconf 87' lang='lat' dir='ltr'><strong>super</strong></span> <span class='ocrx_word' id='word_1_101' title='bbox 640 1706 912 1803; x_wconf 62' lang='lat' dir='ltr'><strong>&#39;lypum-aphia,</strong></span> <span class='ocrx_word' id='word_1_102' title='bbox 946 1713 985 1784; x_wconf 83' lang='lat' dir='ltr'><strong>dt</strong></span> <span class='ocrx_word' id='word_1_103' title='bbox 1010 1716 1170 1791; x_wconf 75' lang='lat' dir='ltr'><strong>Ediltum</strong></span> <span class='ocrx_word' id='word_1_104' title='bbox 1197 1723 1241 1795; x_wconf 89' lang='lat' dir='ltr'><strong>de</strong></span> <span class='ocrx_word' id='word_1_105' title='bbox 1264 1721 1403 1818; x_wconf 83' lang='lat' dir='ltr'><strong>Judiciis</strong></span> 
     </span>
     <span class='ocr_line' id='line_1_13' title="bbox 183 1797 1403 1904; baseline 0.018 -32"><span class='ocrx_word' id='word_1_106' title='bbox 183 1797 416 1876; x_wconf 80' lang='lat' dir='ltr'><strong>criminalibus</strong></span> <span class='ocrx_word' id='word_1_107' title='bbox 436 1804 578 1874; x_wconf 90' lang='lat' dir='ltr'><strong>libenter</strong></span> <span class='ocrx_word' id='word_1_108' title='bbox 592 1801 730 1871; x_wconf 87' lang='lat' dir='ltr'><strong>videbo.</strong></span> <span class='ocrx_word' id='word_1_109' title='bbox 777 1807 832 1871; x_wconf 88' lang='lat' dir='ltr'><strong>Ac</strong></span> <span class='ocrx_word' id='word_1_110' title='bbox 851 1807 1011 1890; x_wconf 87' lang='lat' dir='ltr'><strong>quoniam</strong></span> <span class='ocrx_word' id='word_1_111' title='bbox 1031 1813 1169 1899; x_wconf 90' lang='lat' dir='ltr'><strong>quidem</strong></span> <span class='ocrx_word' id='word_1_112' title='bbox 1192 1839 1253 1904; x_wconf 90' lang='lat' dir='ltr'><strong>per</strong></span> <span class='ocrx_word' id='word_1_113' title='bbox 1282 1819 1403 1894; x_wconf 85' lang='lat' dir='ltr'><strong>Confi-</strong></span> 
     </span>
     <span class='ocr_line' id='line_1_14' title="bbox 178 1891 1404 1986; baseline 0.015 -18"><span class='ocrx_word' id='word_1_114' title='bbox 178 1891 261 1970; x_wconf 86' lang='lat' dir='ltr'><strong>lr&#39;um</strong></span> <span class='ocrx_word' id='word_1_115' title='bbox 280 1892 605 1968; x_wconf 87' lang='lat' dir='ltr'><strong>Turbartrmomnia</strong></span> <span class='ocrx_word' id='word_1_116' title='bbox 629 1903 822 1982; x_wconf 84' lang='lat' dir='ltr'><strong>reguntur,</strong></span> <span class='ocrx_word' id='word_1_117' title='bbox 847 1893 1034 1970; x_wconf 80' lang='lat' dir='ltr'><strong>Consilium</strong></span> <span class='ocrx_word' id='word_1_118' title='bbox 1059 1905 1209 1974; x_wconf 85' lang='lat' dir='ltr'><strong>nostrum</strong></span> <span class='ocrx_word' id='word_1_119' title='bbox 1234 1910 1404 1986; x_wconf 87' lang='lat' dir='ltr'><strong>Privatum</strong></span> 
     </span>
     <span class='ocr_line' id='line_1_15' title="bbox 180 1983 1404 2082; baseline 0.011 -18"><span class='ocrx_word' id='word_1_120' title='bbox 180 1995 264 2064; x_wconf 80' lang='lat' dir='ltr'><strong>vere</strong></span> <span class='ocrx_word' id='word_1_121' title='bbox 284 1991 450 2081; x_wconf 83' lang='lat' dir='ltr'><strong>privatum</strong></span> <span class='ocrx_word' id='word_1_122' title='bbox 477 1987 543 2058; x_wconf 86' lang='lat' dir='ltr'><strong>elle</strong></span> <span class='ocrx_word' id='word_1_123' title='bbox 557 1983 673 2057; x_wconf 92' lang='lat' dir='ltr'><strong>video.</strong></span> <span class='ocrx_word' id='word_1_124' title='bbox 720 1983 791 2057; x_wconf 90' lang='lat' dir='ltr'><strong>Cui</strong></span> <span class='ocrx_word' id='word_1_125' title='bbox 809 1987 857 2059; x_wconf 92' lang='lat' dir='ltr'><strong>rei</strong></span> <span class='ocrx_word' id='word_1_126' title='bbox 873 2005 911 2059; x_wconf 90' lang='lat' dir='ltr'><strong>ur</strong></span> <span class='ocrx_word' id='word_1_127' title='bbox 927 1989 1063 2082; x_wconf 87' lang='lat' dir='ltr'><strong>aliquod</strong></span> <span class='ocrx_word' id='word_1_128' title='bbox 1087 1997 1269 2071; x_wconf 89' lang='lat' dir='ltr'><strong>remedium</strong></span> <span class='ocrx_word' id='word_1_129' title='bbox 1291 2005 1404 2078; x_wconf 85' lang='lat' dir='ltr'><strong>adfer-</strong></span> 
     </span>
    </p>
   </div>
   <div class='ocr_carea' id='block_1_4' title="bbox 179 2079 1404 2188">
    <p class='ocr_par' dir='ltr' id='par_1_6' title="bbox 179 2079 1404 2188">
     <span class='ocr_line' id='line_1_16' title="bbox 179 2079 1404 2188; baseline 0.012 -29"><span class='ocrx_word' id='word_1_130' title='bbox 179 2100 301 2172; x_wconf 82' lang='lat' dir='ltr'><strong>retur,</strong></span> <span class='ocrx_word' id='word_1_131' title='bbox 325 2082 492 2176; x_wconf 84' lang='lat' dir='ltr'><strong>&amp;Regio</strong></span> <span class='ocrx_word' id='word_1_132' title='bbox 511 2079 675 2169; x_wconf 86' lang='lat' dir='ltr'><strong>serviti0,</strong></span> <span class='ocrx_word' id='word_1_133' title='bbox 697 2097 736 2152; x_wconf 90' lang='lat' dir='ltr'><strong>ac</strong></span> <span class='ocrx_word' id='word_1_134' title='bbox 754 2080 848 2155; x_wconf 84' lang='lat' dir='ltr'><strong>bono</strong></span> <span class='ocrx_word' id='word_1_135' title='bbox 873 2084 1039 2178; x_wconf 85' lang='lat' dir='ltr'><strong>publico,</strong></span> <span class='ocrx_word' id='word_1_136' title='bbox 1063 2089 1152 2162; x_wconf 74' lang='lat' dir='ltr'><strong>recle</strong></span> <span class='ocrx_word' id='word_1_137' title='bbox 1165 2104 1264 2188; x_wconf 88' lang='lat' dir='ltr'><strong>atque</strong></span> <span class='ocrx_word' id='word_1_138' title='bbox 1282 2101 1404 2174; x_wconf 86' lang='lat' dir='ltr'><strong>ordine</strong></span> 
     </span>
    </p>
   </div>
   <div class='ocr_carea' id='block_1_5' title="bbox 1 2176 1403 2290">
    <p class='ocr_par' dir='ltr' id='par_1_7' title="bbox 1 2176 1403 2290">
     <span class='ocr_line' id='line_1_17' title="bbox 1 2176 1403 2290; baseline 0.013 -37"><span class='ocrx_word' id='word_1_139' title='bbox 1 2182 2 2196; x_wconf 54' lang='lat'>¹</span> <span class='ocrx_word' id='word_1_140' title='bbox 57 2229 68 2249; x_wconf 88' lang='lat'>.</span> <span class='ocrx_word' id='word_1_141' title='bbox 178 2181 423 2276; x_wconf 82' lang='lat' dir='ltr'><strong>prospiciatur,</strong></span> <span class='ocrx_word' id='word_1_142' title='bbox 447 2177 625 2250; x_wconf 85' lang='lat' dir='ltr'><strong>meditatus</strong></span> <span class='ocrx_word' id='word_1_143' title='bbox 645 2195 735 2248; x_wconf 87' lang='lat' dir='ltr'><strong>erant</strong></span> <span class='ocrx_word' id='word_1_144' title='bbox 756 2176 826 2251; x_wconf 88' lang='lat' dir='ltr'><strong>heri</strong></span> <span class='ocrx_word' id='word_1_145' title='bbox 845 2183 995 2274; x_wconf 85' lang='lat' dir='ltr'><strong>quaedam</strong></span> <span class='ocrx_word' id='word_1_146' title='bbox 1024 2205 1070 2256; x_wconf 87' lang='lat' dir='ltr'><strong>err</strong></span> <span class='ocrx_word' id='word_1_147' title='bbox 1099 2187 1202 2263; x_wconf 87' lang='lat' dir='ltr'><strong>literis</strong></span> <span class='ocrx_word' id='word_1_148' title='bbox 1234 2196 1403 2290; x_wconf 85' lang='lat' dir='ltr'><strong>Amplitu-</strong></span> 
     </span>
    </p>
   </div>
   <div class='ocr_carea' id='block_1_6' title="bbox 172 2269 1404 3535">
    <p class='ocr_par' dir='ltr' id='par_1_8' title="bbox 175 2269 1404 2834">
     <span class='ocr_line' id='line_1_18' title="bbox 179 2269 1402 2385; baseline 0.017 -37"><span class='ocrx_word' id='word_1_149' title='bbox 179 2274 264 2350; x_wconf 88' lang='lat' dir='ltr'><strong>dihis</strong></span> <span class='ocrx_word' id='word_1_150' title='bbox 280 2273 428 2363; x_wconf 72' lang='lat' dir='ltr'><strong>vestrm,</strong></span> <span class='ocrx_word' id='word_1_151' title='bbox 451 2273 488 2345; x_wconf 78' lang='lat' dir='ltr'><strong>da</strong></span> <span class='ocrx_word' id='word_1_152' title='bbox 509 2269 651 2344; x_wconf 80' lang='lat' dir='ltr'><strong>&#39;aliorum</strong></span> <span class='ocrx_word' id='word_1_153' title='bbox 675 2323 688 2361; x_wconf 90' lang='lat'><strong>,</strong></span> <span class='ocrx_word' id='word_1_154' title='bbox 710 2271 752 2342; x_wconf 87' lang='lat' dir='ltr'><strong>ad</strong></span> <span class='ocrx_word' id='word_1_155' title='bbox 776 2273 868 2348; x_wconf 90' lang='lat' dir='ltr'><strong>suam</strong></span> <span class='ocrx_word' id='word_1_156' title='bbox 891 2275 1098 2368; x_wconf 80' lang='lat' dir='ltr'><strong>Maiestatem</strong></span> <span class='ocrx_word' id='word_1_157' title='bbox 1123 2282 1279 2378; x_wconf 89' lang='lat' dir='ltr'><strong>referre,</strong></span> <span class='ocrx_word' id='word_1_158' title='bbox 1302 2293 1402 2385; x_wconf 91' lang='lat' dir='ltr'><strong>idque</strong></span> 
     </span>
     <span class='ocr_line' id='line_1_19' title="bbox 178 2367 1404 2492; baseline 0.015 -49"><span class='ocrx_word' id='word_1_159' title='bbox 178 2373 353 2448; x_wconf 84' lang='lat' dir='ltr'><strong>occasione</strong></span> <span class='ocrx_word' id='word_1_160' title='bbox 374 2367 584 2466; x_wconf 84' lang='lat' dir='ltr'><strong>suprascripti</strong></span> <span class='ocrx_word' id='word_1_161' title='bbox 601 2367 740 2480; x_wconf 69' lang='lat' dir='ltr'><strong>Edisti,</strong></span> <span class='ocrx_word' id='word_1_162' title='bbox 762 2370 893 2462; x_wconf 87' lang='lat' dir='ltr'><strong>ne-id,</strong></span> <span class='ocrx_word' id='word_1_163' title='bbox 916 2375 975 2446; x_wconf 90' lang='lat' dir='ltr'><strong>nili</strong></span> <span class='ocrx_word' id='word_1_164' title='bbox 999 2375 1033 2450; x_wconf 88' lang='lat' dir='ltr'><strong>se</strong></span> <span class='ocrx_word' id='word_1_165' title='bbox 1050 2378 1233 2492; x_wconf 65' lang='lat' dir='ltr'><strong>consulfo,</strong></span> <span class='ocrx_word' id='word_1_166' title='bbox 1255 2389 1404 2478; x_wconf 84' lang='lat' dir='ltr'><strong>prrblica-</strong></span> 
     </span>
     <span class='ocr_line' id='line_1_20' title="bbox 176 2465 1402 2669; baseline 0.018 -34"><span class='ocrx_word' id='word_1_167' title='bbox 176 2467 565 2664; x_wconf 52' lang='lat' dir='ltr'><strong>selltbllrlls</strong></span> <span class='ocrx_word' id='word_1_168' title='bbox 578 2465 775 2655; x_wconf 63' lang='lat' dir='ltr'><strong>illlis}</strong></span> <span class='ocrx_word' id='word_1_169' title='bbox 792 2467 1194 2668; x_wconf 62' lang='lat' dir='ltr'><strong>“atltallllll</strong></span> <span class='ocrx_word' id='word_1_170' title='bbox 1215 2484 1402 2669; x_wconf 48' lang='lat' dir='ltr'><strong>liniris</strong></span> 
     </span>
     <span class='ocr_line' id='line_1_21' title="bbox 175 2659 1403 2763; baseline 0.014 -30"><span class='ocrx_word' id='word_1_171' title='bbox 175 2659 237 2733; x_wconf 88' lang='lat' dir='ltr'><strong>bas</strong></span> <span class='ocrx_word' id='word_1_172' title='bbox 265 2660 372 2734; x_wconf 84' lang='lat' dir='ltr'><strong>literas</strong></span> <span class='ocrx_word' id='word_1_173' title='bbox 391 2661 529 2748; x_wconf 87' lang='lat' dir='ltr'><strong>daret,</strong></span> <span class='ocrx_word' id='word_1_174' title='bbox 562 2659 723 2732; x_wconf 79' lang='lat' dir='ltr'><strong>Ediclum</strong></span> <span class='ocrx_word' id='word_1_175' title='bbox 753 2659 903 2753; x_wconf 83' lang='lat' dir='ltr'><strong>signasse.</strong></span> <span class='ocrx_word' id='word_1_176' title='bbox 951 2665 1067 2757; x_wconf 82' lang='lat' dir='ltr'><strong>ltaque</strong></span> <span class='ocrx_word' id='word_1_177' title='bbox 1095 2673 1192 2763; x_wconf 90' lang='lat' dir='ltr'><strong>quod</strong></span> <span class='ocrx_word' id='word_1_178' title='bbox 1220 2677 1403 2752; x_wconf 90' lang='lat' dir='ltr'><strong>meditatus</strong></span> 
     </span>
     <span class='ocr_line' id='line_1_22' title="bbox 176 2753 1002 2834; baseline 0.008 -7"><span class='ocrx_word' id='word_1_179' title='bbox 176 2775 266 2828; x_wconf 90' lang='lat' dir='ltr'><strong>eram</strong></span> <span class='ocrx_word' id='word_1_180' title='bbox 280 2755 312 2830; x_wconf 90' lang='lat' dir='ltr'><strong>in</strong></span> <span class='ocrx_word' id='word_1_181' title='bbox 327 2757 424 2830; x_wconf 90' lang='lat' dir='ltr'><strong>aliam</strong></span> <span class='ocrx_word' id='word_1_182' title='bbox 442 2757 648 2829; x_wconf 86' lang='lat' dir='ltr'><strong>occafionem</strong></span> <span class='ocrx_word' id='word_1_183' title='bbox 662 2753 889 2830; x_wconf 87' lang='lat' dir='ltr'><strong>differendum</strong></span> <span class='ocrx_word' id='word_1_184' title='bbox 907 2759 1002 2834; x_wconf 85' lang='lat' dir='ltr'><strong>duxi.</strong></span> 
     </span>
    </p>

    <p class='ocr_par' dir='ltr' id='par_1_9' title="bbox 172 2849 1401 3535">
     <span class='ocr_line' id='line_1_23' title="bbox 189 2849 1401 2963; baseline 0.02 -44"><span class='ocrx_word' id='word_1_185' title='bbox 189 2901 193 2910; x_wconf 89' lang='lat'>.</span> <span class='ocrx_word' id='word_1_186' title='bbox 222 2849 278 2921; x_wconf 82' lang='lat' dir='ltr'><strong>Da</strong></span> <span class='ocrx_word' id='word_1_187' title='bbox 297 2853 477 2928; x_wconf 86' lang='lat' dir='ltr'><strong>Piratarum</strong></span> <span class='ocrx_word' id='word_1_188' title='bbox 503 2851 538 2922; x_wconf 89' lang='lat' dir='ltr'><strong>in</strong></span> <span class='ocrx_word' id='word_1_189' title='bbox 557 2850 687 2924; x_wconf 85' lang='lat' dir='ltr'><strong>Frisram</strong></span> <span class='ocrx_word' id='word_1_190' title='bbox 719 2851 862 2926; x_wconf 85' lang='lat' dir='ltr'><strong>nostram</strong></span> <span class='ocrx_word' id='word_1_191' title='bbox 888 2857 1163 2950; x_wconf 80' lang='lat' dir='ltr'><strong>excursronibus,</strong></span> <span class='ocrx_word' id='word_1_192' title='bbox 1191 2861 1401 2963; x_wconf 86' lang='lat' dir='ltr'><strong>Hindelopia</strong></span> 
     </span>
     <span class='ocr_line' id='line_1_24' title="bbox 174 2945 1401 3050; baseline 0.02 -31"><span class='ocrx_word' id='word_1_193' title='bbox 174 2947 326 3034; x_wconf 86' lang='lat' dir='ltr'><strong>vastata,</strong></span> <span class='ocrx_word' id='word_1_194' title='bbox 355 2947 518 3038; x_wconf 86' lang='lat' dir='ltr'><strong>Reynero</strong></span> <span class='ocrx_word' id='word_1_195' title='bbox 543 2945 889 3044; x_wconf 69' lang='lat' dir='ltr'><strong>rnrsnanorapro,</strong></span> <span class='ocrx_word' id='word_1_196' title='bbox 921 2953 967 3046; x_wconf 43' lang='lat' dir='ltr'><strong>dc„</strong></span> <span class='ocrx_word' id='word_1_197' title='bbox 989 2955 1057 3028; x_wconf 88' lang='lat' dir='ltr'><strong>aliis</strong></span> <span class='ocrx_word' id='word_1_198' title='bbox 1085 2955 1269 3050; x_wconf 85' lang='lat' dir='ltr'><strong>ejusmodi,</strong></span> <span class='ocrx_word' id='word_1_199' title='bbox 1298 2967 1401 3043; x_wconf 90' lang='lat' dir='ltr'><strong>miror</strong></span> 
     </span>
     <span class='ocr_line' id='line_1_25' title="bbox 175 3035 1401 3144; baseline 0.017 -31"><span class='ocrx_word' id='word_1_200' title='bbox 175 3041 315 3134; x_wconf 84' lang='lat' dir='ltr'><strong>publicis</strong></span> <span class='ocrx_word' id='word_1_201' title='bbox 341 3043 444 3117; x_wconf 84' lang='lat' dir='ltr'><strong>literis</strong></span> <span class='ocrx_word' id='word_1_202' title='bbox 467 3035 547 3116; x_wconf 87' lang='lat' dir='ltr'><strong>nihrl</strong></span> <span class='ocrx_word' id='word_1_203' title='bbox 573 3059 724 3134; x_wconf 86' lang='lat' dir='ltr'><strong>unquam</strong></span> <span class='ocrx_word' id='word_1_204' title='bbox 757 3047 921 3134; x_wconf 86' lang='lat' dir='ltr'><strong>perscribi.</strong></span> <span class='ocrx_word' id='word_1_205' title='bbox 968 3048 1045 3144; x_wconf 80' lang='lat' dir='ltr'><strong>Ego</strong></span> <span class='ocrx_word' id='word_1_206' title='bbox 1067 3067 1181 3127; x_wconf 84' lang='lat' dir='ltr'><strong>tamen</strong></span> <span class='ocrx_word' id='word_1_207' title='bbox 1209 3057 1300 3130; x_wconf 88' lang='lat' dir='ltr'><strong>suam</strong></span> <span class='ocrx_word' id='word_1_208' title='bbox 1324 3063 1401 3134; x_wconf 88' lang='lat' dir='ltr'><strong>Ma-</strong></span> 
     </span>
     <span class='ocr_line' id='line_1_26' title="bbox 172 3135 1400 3250; baseline 0.02 -43"><span class='ocrx_word' id='word_1_209' title='bbox 172 3135 319 3247; x_wconf 78' lang='lat' dir='ltr'><strong>iestatem</strong></span> <span class='ocrx_word' id='word_1_210' title='bbox 346 3140 499 3233; x_wconf 86' lang='lat' dir='ltr'><strong>ignorare</strong></span> <span class='ocrx_word' id='word_1_211' title='bbox 523 3157 593 3211; x_wconf 92' lang='lat' dir='ltr'><strong>non</strong></span> <span class='ocrx_word' id='word_1_212' title='bbox 618 3139 731 3250; x_wconf 84' lang='lat' dir='ltr'><strong>patior</strong></span> <span class='ocrx_word' id='word_1_213' title='bbox 757 3190 771 3227; x_wconf 95' lang='lat'><strong>,</strong></span> <span class='ocrx_word' id='word_1_214' title='bbox 794 3163 845 3248; x_wconf 31' lang='lat' dir='ltr'><strong>&#39;ne</strong></span> <span class='ocrx_word' id='word_1_215' title='bbox 872 3158 971 3238; x_wconf 90' lang='lat' dir='ltr'><strong>putet</strong></span> <span class='ocrx_word' id='word_1_216' title='bbox 995 3149 1109 3222; x_wconf 88' lang='lat' dir='ltr'><strong>omnia</strong></span> <span class='ocrx_word' id='word_1_217' title='bbox 1134 3165 1201 3224; x_wconf 88' lang='lat' dir='ltr'><strong>tam</strong></span> <span class='ocrx_word' id='word_1_218' title='bbox 1232 3153 1341 3229; x_wconf 86' lang='lat' dir='ltr'><strong>sedata</strong></span> <span class='ocrx_word' id='word_1_219' title='bbox 1359 3177 1400 3232; x_wconf 87' lang='lat' dir='ltr'><strong>ac</strong></span> 
     </span>
     <span class='ocr_line' id='line_1_27' title="bbox 175 3234 1397 3424; baseline 0.02 -25"><span class='ocrx_word' id='word_1_220' title='bbox 175 3235 430 3402; x_wconf 45' lang='lat' dir='ltr'><strong>mggdltlgtffniffre</strong></span> <span class='ocrx_word' id='word_1_221' title='bbox 440 3234 1397 3424; x_wconf 44' lang='lat' dir='ltr'><strong>3132qu{anlpgpegasqrtalpgqugaqgrglonlbush</strong></span> 
     </span>
     <span class='ocr_line' id='line_1_28' title="bbox 172 3423 1397 3535; baseline 0.021 -41"><span class='ocrx_word' id='word_1_222' title='bbox 172 3425 292 3496; x_wconf 91' lang='lat' dir='ltr'><strong>benter</strong></span> <span class='ocrx_word' id='word_1_223' title='bbox 311 3425 467 3513; x_wconf 90' lang='lat' dir='ltr'><strong>videbo,</strong></span> <span class='ocrx_word' id='word_1_224' title='bbox 491 3425 551 3497; x_wconf 92' lang='lat' dir='ltr'><strong>ubi</strong></span> <span class='ocrx_word' id='word_1_225' title='bbox 579 3427 680 3499; x_wconf 84' lang='lat' dir='ltr'><strong>literae</strong></span> <span class='ocrx_word' id='word_1_226' title='bbox 710 3423 816 3520; x_wconf 87' lang='lat' dir='ltr'><strong>ipsae,</strong></span> <span class='ocrx_word' id='word_1_227' title='bbox 849 3449 994 3522; x_wconf 85' lang='lat' dir='ltr'><strong>quorum</strong></span> <span class='ocrx_word' id='word_1_228' title='bbox 1026 3457 1119 3509; x_wconf 90' lang='lat' dir='ltr'><strong>nunc</strong></span> <span class='ocrx_word' id='word_1_229' title='bbox 1149 3445 1301 3535; x_wconf 81' lang='lat' dir='ltr'><strong>exempla</strong></span> <span class='ocrx_word' id='word_1_230' title='bbox 1325 3463 1397 3520; x_wconf 87' lang='lat' dir='ltr'><strong>tan-</strong></span> 
     </span>
    </p>
   </div>
   <div class='ocr_carea' id='block_1_7' title="bbox 172 3518 1520 3630">
    <p class='ocr_par' dir='ltr' id='par_1_10' title="bbox 172 3518 1520 3630">
     <span class='ocr_line' id='line_1_29' title="bbox 172 3518 1520 3630; baseline 0.021 -40"><span class='ocrx_word' id='word_1_231' title='bbox 172 3533 245 3590; x_wconf 91' lang='lat' dir='ltr'><strong>turn</strong></span> <span class='ocrx_word' id='word_1_232' title='bbox 264 3518 362 3606; x_wconf 91' lang='lat' dir='ltr'><strong>vidi,</strong></span> <span class='ocrx_word' id='word_1_233' title='bbox 384 3539 558 3613; x_wconf 87' lang='lat' dir='ltr'><strong>accepero.</strong></span> <span class='ocrx_word' id='word_1_234' title='bbox 606 3521 806 3617; x_wconf 86' lang='lat' dir='ltr'><strong>Retulitque</strong></span> <span class='ocrx_word' id='word_1_235' title='bbox 825 3529 904 3600; x_wconf 90' lang='lat' dir='ltr'><strong>milri</strong></span> <span class='ocrx_word' id='word_1_236' title='bbox 927 3527 1068 3624; x_wconf 74' lang='lat' dir='ltr'><strong>Cay&#39;as,</strong></span> <span class='ocrx_word' id='word_1_237' title='bbox 1091 3531 1227 3609; x_wconf 90' lang='lat' dir='ltr'><strong>Ducem</strong></span> <span class='ocrx_word' id='word_1_238' title='bbox 1248 3559 1308 3630; x_wconf 89' lang='lat' dir='ltr'><strong>per</strong></span> <span class='ocrx_word' id='word_1_239' title='bbox 1325 3543 1398 3615; x_wconf 83' lang='lat' dir='ltr'><strong>lite-</strong></span> <span class='ocrx_word' id='word_1_240' title='bbox 1515 3609 1520 3618; x_wconf 88' lang='lat'><em>.</em></span> 
     </span>
    </p>
   </div>
   <div class='ocr_carea' id='block_1_8' title="bbox 165 3608 1397 4485">
    <p class='ocr_par' dir='ltr' id='par_1_11' title="bbox 169 3608 1395 3806">
     <span class='ocr_line' id='line_1_30' title="bbox 169 3608 1395 3721; baseline 0.016 -35"><span class='ocrx_word' id='word_1_241' title='bbox 169 3633 222 3686; x_wconf 81' lang='lat' dir='ltr'><strong>aas</strong></span> <span class='ocrx_word' id='word_1_242' title='bbox 257 3608 450 3707; x_wconf 85' lang='lat' dir='ltr'><strong>Hispanicas</strong></span> <span class='ocrx_word' id='word_1_243' title='bbox 479 3615 522 3688; x_wconf 87' lang='lat' dir='ltr'><strong>de</strong></span> <span class='ocrx_word' id='word_1_244' title='bbox 550 3619 707 3694; x_wconf 83' lang='lat' dir='ltr'><strong>omnibus</strong></span> <span class='ocrx_word' id='word_1_245' title='bbox 736 3619 1016 3697; x_wconf 88' lang='lat' dir='ltr'><strong>Universrtatibus</strong></span> <span class='ocrx_word' id='word_1_246' title='bbox 1046 3628 1302 3721; x_wconf 82' lang='lat' dir='ltr'><strong>perscripsisse,</strong></span> <span class='ocrx_word' id='word_1_247' title='bbox 1335 3651 1395 3706; x_wconf 89' lang='lat' dir='ltr'><strong>aur</strong></span> 
     </span>
     <span class='ocr_line' id='line_1_31' title="bbox 169 3710 660 3806; baseline 0.014 -27"><span class='ocrx_word' id='word_1_248' title='bbox 169 3714 260 3784; x_wconf 75' lang='lat' dir='ltr'><strong>cettd</strong></span> <span class='ocrx_word' id='word_1_249' title='bbox 279 3710 372 3782; x_wconf 90' lang='lat' dir='ltr'><strong>brevi</strong></span> <span class='ocrx_word' id='word_1_250' title='bbox 393 3711 660 3806; x_wconf 80' lang='lat' dir='ltr'><strong>perscripturum.</strong></span> 
     </span>
    </p>

    <p class='ocr_par' dir='ltr' id='par_1_12' title="bbox 165 3805 1397 4485">
     <span class='ocr_line' id='line_1_32' title="bbox 217 3805 1394 3906; baseline 0.014 -30"><span class='ocrx_word' id='word_1_251' title='bbox 217 3805 392 3880; x_wconf 87' lang='lat' dir='ltr'><strong>Postulatis</strong></span> <span class='ocrx_word' id='word_1_252' title='bbox 409 3807 694 3880; x_wconf 83' lang='lat' dir='ltr'><strong>Reverendiffiani</strong></span> <span class='ocrx_word' id='word_1_253' title='bbox 719 3806 876 3895; x_wconf 88' lang='lat' dir='ltr'><strong>Episcopi</strong></span> <span class='ocrx_word' id='word_1_254' title='bbox 904 3805 1166 3883; x_wconf 84' lang='lat' dir='ltr'><strong>Buscoducenlis</strong></span> <span class='ocrx_word' id='word_1_255' title='bbox 1189 3815 1394 3906; x_wconf 84' lang='lat' dir='ltr'><strong>perlibenter</strong></span> 
     </span>
     <span class='ocr_line' id='line_1_33' title="bbox 169 3897 1393 4005; baseline 0.013 -34"><span class='ocrx_word' id='word_1_256' title='bbox 169 3899 294 3974; x_wconf 84' lang='lat' dir='ltr'><strong>favebo</strong></span> <span class='ocrx_word' id='word_1_257' title='bbox 311 3921 333 3991; x_wconf 77' lang='lat'><strong>,¹</strong></span> <span class='ocrx_word' id='word_1_258' title='bbox 356 3919 520 3998; x_wconf 85' lang='lat' dir='ltr'><strong>quantum</strong></span> <span class='ocrx_word' id='word_1_259' title='bbox 544 3918 695 3994; x_wconf 88' lang='lat' dir='ltr'><strong>potero,</strong></span> <span class='ocrx_word' id='word_1_260' title='bbox 726 3897 784 3969; x_wconf 87' lang='lat' dir='ltr'><strong>ubi</strong></span> <span class='ocrx_word' id='word_1_261' title='bbox 807 3901 850 3968; x_wconf 86' lang='lat' dir='ltr'><strong>ad</strong></span> <span class='ocrx_word' id='word_1_262' title='bbox 873 3917 928 3971; x_wconf 85' lang='lat' dir='ltr'><strong>nte</strong></span> <span class='ocrx_word' id='word_1_263' title='bbox 955 3901 1055 3974; x_wconf 83' lang='lat' dir='ltr'><strong>literae</strong></span> <span class='ocrx_word' id='word_1_264' title='bbox 1078 3901 1207 3980; x_wconf 88' lang='lat' dir='ltr'><strong>fuerint</strong></span> <span class='ocrx_word' id='word_1_265' title='bbox 1232 3913 1393 4005; x_wconf 78' lang='lat' dir='ltr'><strong>perlata,</strong></span> 
     </span>
     <span class='ocr_line' id='line_1_34' title="bbox 169 3991 1392 4090; baseline 0.013 -20"><span class='ocrx_word' id='word_1_266' title='bbox 169 4015 360 4090; x_wconf 86' lang='lat' dir='ltr'><strong>quanquam</strong></span> <span class='ocrx_word' id='word_1_267' title='bbox 379 4000 542 4074; x_wconf 79' lang='lat' dir='ltr'><strong>subduns</strong></span> <span class='ocrx_word' id='word_1_268' title='bbox 558 3995 635 4068; x_wconf 81' lang='lat' dir='ltr'><strong>fore</strong></span> <span class='ocrx_word' id='word_1_269' title='bbox 653 4007 761 4088; x_wconf 88' lang='lat' dir='ltr'><strong>partes</strong></span> <span class='ocrx_word' id='word_1_270' title='bbox 778 3991 841 4082; x_wconf 83' lang='lat' dir='ltr'><strong>iarn</strong></span> <span class='ocrx_word' id='word_1_271' title='bbox 865 3993 996 4070; x_wconf 88' lang='lat' dir='ltr'><strong>dudam</strong></span> <span class='ocrx_word' id='word_1_272' title='bbox 1019 3997 1154 4076; x_wconf 79' lang='lat' dir='ltr'><strong>olfacio.</strong></span> <span class='ocrx_word' id='word_1_273' title='bbox 1203 4005 1257 4078; x_wconf 88' lang='lat' dir='ltr'><strong>Ac</strong></span> <span class='ocrx_word' id='word_1_274' title='bbox 1280 4010 1392 4087; x_wconf 87' lang='lat' dir='ltr'><strong>nescio</strong></span> 
     </span>
     <span class='ocr_line' id='line_1_35' title="bbox 168 4089 1393 4192; baseline 0.015 -29"><span class='ocrx_word' id='word_1_275' title='bbox 168 4093 243 4182; x_wconf 81' lang='lat' dir='ltr'><strong>qub</strong></span> <span class='ocrx_word' id='word_1_276' title='bbox 258 4095 368 4166; x_wconf 87' lang='lat' dir='ltr'><strong>bonus</strong></span> <span class='ocrx_word' id='word_1_277' title='bbox 385 4095 503 4189; x_wconf 83' lang='lat' dir='ltr'><strong>genius</strong></span> <span class='ocrx_word' id='word_1_278' title='bbox 521 4095 661 4190; x_wconf 80' lang='lat' dir='ltr'><strong>gernave</strong></span> <span class='ocrx_word' id='word_1_279' title='bbox 676 4090 816 4166; x_wconf 88' lang='lat' dir='ltr'><strong>Domini</strong></span> <span class='ocrx_word' id='word_1_280' title='bbox 843 4089 1064 4170; x_wconf 86' lang='lat' dir='ltr'><strong>Hontzochtii</strong></span> <span class='ocrx_word' id='word_1_281' title='bbox 1085 4101 1169 4192; x_wconf 87' lang='lat' dir='ltr'><strong>(piae</strong></span> <span class='ocrx_word' id='word_1_282' title='bbox 1194 4105 1393 4182; x_wconf 89' lang='lat' dir='ltr'><strong>recordatio-</strong></span> 
     </span>
     <span class='ocr_line' id='line_1_36' title="bbox 165 4186 1397 4298; baseline 0.018 -38"><span class='ocrx_word' id='word_1_283' title='bbox 165 4186 248 4276; x_wconf 84' lang='lat' dir='ltr'><strong>nis)</strong></span> <span class='ocrx_word' id='word_1_284' title='bbox 269 4193 465 4263; x_wconf 85' lang='lat' dir='ltr'><strong>memoriam</strong></span> <span class='ocrx_word' id='word_1_285' title='bbox 487 4191 707 4277; x_wconf 86' lang='lat' dir='ltr'><strong>resuscitarit,</strong></span> <span class='ocrx_word' id='word_1_286' title='bbox 730 4207 808 4284; x_wconf 83' lang='lat' dir='ltr'><strong>nam</strong></span> <span class='ocrx_word' id='word_1_287' title='bbox 828 4188 936 4286; x_wconf 84' lang='lat' dir='ltr'><strong>nullas</strong></span> <span class='ocrx_word' id='word_1_288' title='bbox 956 4192 1135 4286; x_wconf 88' lang='lat' dir='ltr'><strong>accipimus</strong></span> <span class='ocrx_word' id='word_1_289' title='bbox 1151 4199 1262 4275; x_wconf 86' lang='lat' dir='ltr'><strong>literas</strong></span> <span class='ocrx_word' id='word_1_290' title='bbox 1282 4204 1397 4298; x_wconf 83' lang='lat' dir='ltr'><strong>Cayas</strong></span> 
     </span>
     <span class='ocr_line' id='line_1_37' title="bbox 167 4281 1390 4392; baseline 0.012 -37"><span class='ocrx_word' id='word_1_291' title='bbox 167 4281 205 4355; x_wconf 79' lang='lat' dir='ltr'><strong>dc</strong></span> <span class='ocrx_word' id='word_1_292' title='bbox 227 4299 295 4376; x_wconf 85' lang='lat' dir='ltr'><strong>ego</strong></span> <span class='ocrx_word' id='word_1_293' title='bbox 313 4283 437 4373; x_wconf 90' lang='lat' dir='ltr'><strong>quibus</strong></span> <span class='ocrx_word' id='word_1_294' title='bbox 451 4307 520 4360; x_wconf 92' lang='lat' dir='ltr'><strong>non</strong></span> <span class='ocrx_word' id='word_1_295' title='bbox 539 4307 602 4379; x_wconf 88' lang='lat' dir='ltr'><strong>pto</strong></span> <span class='ocrx_word' id='word_1_296' title='bbox 616 4286 648 4359; x_wconf 90' lang='lat' dir='ltr'><strong>se</strong></span> <span class='ocrx_word' id='word_1_297' title='bbox 671 4283 812 4378; x_wconf 86' lang='lat' dir='ltr'><strong>quisque</strong></span> <span class='ocrx_word' id='word_1_298' title='bbox 836 4287 984 4360; x_wconf 86' lang='lat' dir='ltr'><strong>nottrunr</strong></span> <span class='ocrx_word' id='word_1_299' title='bbox 1007 4293 1191 4384; x_wconf 83' lang='lat' dir='ltr'><strong>gravillrmcl</strong></span> <span class='ocrx_word' id='word_1_300' title='bbox 1222 4317 1390 4392; x_wconf 86' lang='lat' dir='ltr'><strong>urgetur,</strong></span> 
     </span>
     <span class='ocr_line' id='line_1_38' title="bbox 166 4375 1391 4485; baseline 0.008 -32"><span class='ocrx_word' id='word_1_301' title='bbox 166 4395 207 4453; x_wconf 84' lang='lat' dir='ltr'><strong>ut</strong></span> <span class='ocrx_word' id='word_1_302' title='bbox 224 4379 271 4450; x_wconf 94' lang='lat' dir='ltr'><strong>ob</strong></span> <span class='ocrx_word' id='word_1_303' title='bbox 297 4375 426 4452; x_wconf 89' lang='lat' dir='ltr'><strong>summa</strong></span> <span class='ocrx_word' id='word_1_304' title='bbox 445 4378 515 4472; x_wconf 83' lang='lat' dir='ltr'><strong>ejus</strong></span> <span class='ocrx_word' id='word_1_305' title='bbox 537 4385 651 4456; x_wconf 82' lang='lat' dir='ltr'><strong>merita</strong></span> <span class='ocrx_word' id='word_1_306' title='bbox 672 4433 685 4470; x_wconf 90' lang='lat'><strong>,</strong></span> <span class='ocrx_word' id='word_1_307' title='bbox 709 4381 746 4454; x_wconf 83' lang='lat' dir='ltr'><strong>dc</strong></span> <span class='ocrx_word' id='word_1_308' title='bbox 770 4381 957 4476; x_wconf 84' lang='lat' dir='ltr'><strong>praeclaram</strong></span> <span class='ocrx_word' id='word_1_309' title='bbox 985 4385 1029 4455; x_wconf 92' lang='lat' dir='ltr'><strong>de</strong></span> <span class='ocrx_word' id='word_1_310' title='bbox 1056 4387 1126 4460; x_wconf 86' lang='lat' dir='ltr'><strong>lilio</strong></span> <span class='ocrx_word' id='word_1_311' title='bbox 1149 4389 1273 4484; x_wconf 76' lang='lat' dir='ltr'><strong>spem,</strong></span> <span class='ocrx_word' id='word_1_312' title='bbox 1308 4413 1391 4485; x_wconf 89' lang='lat' dir='ltr'><strong>qua·</strong></span> 
     </span>
    </p>
   </div>
   <div class='ocr_carea' id='block_1_9' title="bbox 165 4473 1391 4647">
    <p class='ocr_par' dir='ltr' id='par_1_13' title="bbox 165 4473 1391 4647">
     <span class='ocr_line' id='line_1_39' title="bbox 165 4473 1391 4647; baseline 0.011 -99"><span class='ocrx_word' id='word_1_313' title='bbox 165 4473 340 4570; x_wconf 81' lang='lat' dir='ltr'><strong>drirrgenta</strong></span> <span class='ocrx_word' id='word_1_314' title='bbox 359 4495 497 4570; x_wconf 85' lang='lat' dir='ltr'><strong>annua,</strong></span> <span class='ocrx_word' id='word_1_315' title='bbox 529 4478 694 4574; x_wconf 78' lang='lat' dir='ltr'><strong>pensionis</strong></span> <span class='ocrx_word' id='word_1_316' title='bbox 714 4478 850 4555; x_wconf 81' lang='lat' dir='ltr'><strong>nombre</strong></span> <span class='ocrx_word' id='word_1_317' title='bbox 877 4477 1018 4647; x_wconf 53' lang='lat' dir='ltr'><strong>,Nliqlper</strong></span> <span class='ocrx_word' id='word_1_318' title='bbox 1046 4481 1222 4576; x_wconf 83' lang='lat' dir='ltr'><strong>Tangerlo</strong></span> <span class='ocrx_word' id='word_1_319' title='bbox 1245 4488 1276 4560; x_wconf 89' lang='lat' dir='ltr'><strong>ei</strong></span> <span class='ocrx_word' id='word_1_320' title='bbox 1299 4487 1391 4584; x_wconf 83' lang='lat' dir='ltr'><strong>allrg-</strong></span> 
     </span>
    </p>
   </div>
   <div class='ocr_carea' id='block_1_10' title="bbox 0 0 1872 5142">
    <p class='ocr_par' dir='ltr' id='par_1_14' title="bbox 0 0 1872 5142">
     <span class='ocr_line' id='line_1_40' title="bbox 0 0 1872 5142; baseline 0 6"><span class='ocrx_word' id='word_1_321' title='bbox 0 0 1872 5142; x_wconf 95' lang='lat' dir='ltr'><strong> </strong></span> 
     </span>
    </p>
   </div>
  </div>
 </body>
</html>
