3736 5142
390 561 476 664 232
533 535 852 666 JOACHIMI
881 541 1164 634 eruemur
1195 527 1532 636 urrs‘rorm‘
1568 497 1574 508 ’

384 712 452 820 piu
469 706 660 794 auxiium,
682 705 764 778 nihil
786 701 971 777 admodum
997 716 1133 796 putatur
1148 703 1213 776 elle
1236 703 1435 780 timendum.
1482 705 1607 786 Scribit

385 805 464 878 mrhi
492 823 578 876 uxor
600 803 716 876 denuo
742 802 787 874 de
808 821 844 872 re
862 799 1120 888 Duelhememfi3
1141 797 1258 872 additis
1281 800 1442 874 mandatis
1468 804 1604 894 quibus·

384 901 463 972 dam
481 897 596 972 Curiae
613 897 824 985 liollandiae‚
846 914 948 988 quam
974 914 1039 987 ego
1060 915 1132 968 rem
1152 910 1279 984 totam,
1299 913 1341 968 ut
1358 898 1493 986 omnia,
1516 903 1604 972 Am·

383 993 540 1088 plitudirri
556 993 675 1069 vestrze
693 992 896 1068 commendo
914 1005 1015 1084 atque
1036 991 1221 1082 committo.
1267 989 1359 1064 Nam
1380 989 1461 1066 nihil
1479 994 1602 1068 dubito

266 1085 269 1092 ’
315 1129 343 1163 =
408 1089 467 1161 uin
489 1090 525 1161 id
551 1089 680 1164 ludium
702 1091 762 1180 frt,
782 1088 878 1183 quod
896 1085 1603 1179 eonveniet‚quominuspraete1burrum

446 1203 583 1280 aequum
600 1186 774 1258 adversum
788 1203 852 1258 nos
866 1183 949 1274 quid
962 1179 1034 1255 fiat.
1280 1269 1281 1274 Ν

432 1282 565 1374 Accepi
592 1282 643 1355 his
675 1283 793 1355 diebus
827 1280 937 1352 literas
964 1279 1008 1349 ab
1040 1275 1250 1352 illustriffimo
1271 1273 1411 1347 domino
1436 1275 1605 1352 Cardiuali

385 1374 641 1464 Granverum,
664 1380 724 1470 qui
740 1377 783 1448 de
794 1373 1094 1456 GratiaGeneralu
1112 1371 1150 1441 u
1168 1372 1236 1442 aliis
1253 1367 1429 1456 omuibus,
1454 1371 1605 1465 ejusdem

382 1471 557 1544 nobiscum
586 1471 636 1540 est
665 1469 847 1542 sententie.
893 1469 1011 1554 Atque
1038 1467 1165 1534 utinam
1187 1463 1222 1534 id
1249 1461 1306 1534 fiat
1326 1466 1421 1557 quod
1447 1469 1605 1558 proxime

381 1565 492 1655 scripfi
505 1565 548 1634 ad
568 1561 837 1650 Amplitudinem
856 1555 1023 1640 vestram,
1046 1558 1203 1626 nimirum
1222 1559 1275 1648 agi
1294 1557 1348 1628 hic
1366 1576 1405 1630 ut
1423 1561 1535 1634 isthuc
1552 1585 1605 1634 re·

382 1657 480 1743 deat,
504 1655 542 1727 du
559 1673 634 1727 non
650 1653 756 1724 modd
772 1653 806 1720 in
824 1647 1016 1742 pristinum,
1033 1649 1090 1720 sed
1111 1649 1147 1722 dr
1163 1651 1357 1742 ampliorem
1373 1653 1490 1726 locum
1510 1657 1604 1730 reffi-

382 1763 510 1824 luatur.

425 1843 546 1932 Cura,
568 1841 776 1915 Reverende
795 1837 920 1911 Prael'ul
936 1857 975 1907 ac
987 1837 1129 1908 Patrone
1145 1839 1267 1925 unice,
1288 1851 1327 1909 ut
1347 1844 1483 1932 valeas,
1507 1843 1544 1918 δι
1568 1861 1605 1920 te

383 1939 578 2031 reipublicae
602 1936 765 2025 nobisque
796 1935 900 2024 quim
934 1930 1111 2003 diutiffime
1141 1931 1329 2006 conserves.
1376 1937 1511 2012 Madmn·
1541 1963 1600 2036 23.

379 2035 479 2133 Junli
506 2031 611 2124 1569.
653 2027 870 2104 'Reverendae
881 2025 1125 2120 Amplitudinis
1142 2026 1258 2101 vestrm
1277 2029 1491 2122 puratiflimus
1504 2033 1602 2110 serui·

381 2146 438 2205 tor
460 2129 670 2224 Jorcrrmus
688 2125 901 2202 Horruuus.

428 2225 494 2297 liis
507 2223 635 2316 scriptis
647 2223 760 2315 quinae
775 2219 1015 2310 Amplitudinis
1028 2218 1143 2292 vestrae
1157 2217 1378 2310 supervenere
1393 2221 1493 2296 literae
1502 2224 1598 2302 Xlx.

381 2319 519 2402 XXVI.
538 2319 622 2393 Maii
645 2320 684 2396 du
706 2318 764 2392 111.
782 2314 872 2412 Jurili
896 2313 1005 2402 ὁπως
1035 2313 1072 2386 dt
1087 2333 1167 2386 cum
1186 2313 1237 2386 hir
1254 2317 1328 2386 libri
1344 2317 1472 2392 domini
1488 2319 1602 2414 Janse-

234 2491 241 2506 ,
340 2431 342 2436 '
382 2416 451 2505 nii,
473 2416 534 2508 qui
554 2415 637 2490 mihi
663 2412 829 2510 gmtiflimi
853 2407 950 2500 sunt,
971 2410 1012 2484 ·&
1036 2426 1201 2501 quantum
1216 2412 1333 2486 curlim
1353 2413 1467 2486 videre
1481 2418 1602 2506 potui,

382 2509 589 2598 eruditillimi
611 2509 780 2584 videntur.
827 2505 1043 2598 miramque
1059 2507 1103 2578 ud
1121 2507 1232 2600 ipsum
1248 2527 1287 2579 ea
1316 2508 1360 2580 de
1386 2532 1422 2584 te
1442 2513 1600 2605 proximd

380 2607 579 2695 occanere,
601 2627 679 2680 nam
693 2626 786 2678 nunc
805 2617 940 2696 ternpus
955 2621 1026 2676 non
1042 2601 1176 2695 petitur.

403 2725 410 2732 ·
428 2703 487 2776 De
503 2702 692 2778 Gerbtarrdi
711 2699 821 2775 furris
842 2698 915 2772 filio
931 2696 1028 2792 supra
1044 2696 1154 2790 scripii
1173 2721 1187 2788 3
1212 2699 1251 2772 dr
1268 2700 1388 2774 faciam
1406 2721 1508 2778 omne
1528 2701 1604 2780 offi.

377 2798 493 2888 cium,
514 2817 553 2873 uc
570 2799 596 2871 li
614 2819 711 2872 meus
731 2796 820 2870 eil'et.
868 2794 916 2868 Et
937 2793 981 2866 de
1007 2793 1150 2886 pecunia
1171 2793 1354 2888 Burrieni,
1377 2795 1424 2870 ita
1446 2801 1498 2873 uti
1518 2802 1604 2874 Am-

380 2894 513 2987 plitudo
535 2893 643 2967 vestrl
673 2893 769 2988 jubet
795 2889 928 2964 faciam.
987 2887 1079 2963 Nam
1103 2892 1322 2964 commodum
1346 2891 1397 2965 est
1430 2894 1486 2966 hic
1509 2917 1604 2968 nunc
1677 2965 1680 2972 ,

380 2989 541 3079 Gallius,
562 3011 625 3084 per
637 3009 741 3082 quem
759 2985 846 3060 tede
865 3003 996 3078 potero.
1043 2984 1101 3056 rid
1120 2987 1240 3078 Aggaei
1267 2987 1373 3061 literas
1389 2989 1530 3078 rescripu
1546 2989 1601 3060 su·
1657 3001 1662 3027 ¹

379 3087 512 3180 periore
526 3085 625 3162 cursu
637 3085 771 3160 brevius
777 3110 792 3174 ,-
813 3081 1027 3180 respondebo
1038 3081 1344 3176 autemprolirius3
1366 3085 1422 3155 vel
1435 3101 1548 3170 nunc,
1571 3081 1600 3158 ii

381 3195 525 3274 potero,
547 3183 605 3254 vel
620 3185 711 3255 certe
732 3179 885 3274 proximi
901 3175 1088 3252 occasione.

426 3272 687 3368 PrQscriptioner
707 3275 826 3353 vestrae
852 3293 1024 3365 nunquam
1053 3272 1134 3345 milri
1157 3274 1312 3346 videntur
1334 3271 1437 3344 linem
1457 3271 1600 3346 habitu-

380 3385 446 3454 ιω,
468 3368 528 3441 rrisr
539 3369 655 3447 Gutiu
663 3369 840 3444 Generalis
858 3370 939 3444 hinc
957 3369 1099 3442 veniens
1114 3369 1223 3440 omnia
1241 3383 1402 3458 amputet.
1429 3371 1483 3440 Ac
1494 3389 1603 3462 quan-

378 3475 454 3534 tum
473 3461 517 3532 ad
544 3464 764 3541 sommonem
784 3463 926 3550 attinet,
958 3469 1065 3555 qulm
1084 3465 1229 3557 primum
1246 3463 1328 3537 Rex
1345 3465 1505 3552 redierit,
1526 3479 1605 3539 ten-

379 3557 461 3632 trbo
476 3557 558 3649 quid
576 3573 708 3652 potero,
740 3557 786 3630 Et
800 3559 1006 3654 quodsupru
1023 3561 1130 3652 scripsi
1154 3559 1198 3630 de
1222 3559 1374 3652 syndico
1386 3561 1603 3654 Groningen-

380 3655 431 3748 il,
453 3653 560 3729 uideo
582 3655 684 3750 plane
698 3669 813 3728 contra
829 3655 862 3728 se
879 3657 1024 3746 habere3
1045 3656 1140 3750 quod
1154 3653 1231 3726 iane
1244 3653 1357 3728 doleo.

426 3751 526 3826 Uxor
543 3768 581 3828 ut
600 3751 649 3824 est
669 3751 809 3838 timide,
833 3753 871 3828 u
886 3773 939 3828 res
952 3755 1054 3827 etiam
1071 3772 1132 3844 per
1146 3748 1180 3821 se
1195 3750 1398 3842 periculosa,
1420 3749 1512 3825 haud
1525 3749 1600 3824 satis

378 3847 483 3925 video
502 3849 681 3942 quomodo
699 3863 756 3923 aut
781 3869 845 3943 per
867 3849 1026 3936 Names,
1047 3865 1106 3920 aut
1132 3847 1313 3936 Genuam,
1336 3848 1455 3920 venire
1477 3844 1601 3942 poffit;

378 3959 459 4014 cum
480 3946 522 4016 ab
547 3967 616 4020 una
642 3963 734 4039 parte
763 3944 866 4038 Angli
891 3943 930 4016 dr
956 3943 1178 4038 liugenothi‚
1199 3944 1242 4014 ab
1260 3943 1365 4020 ultera
1383 3943 1493 4016 Mauri
1508 3961 1601 4013 mare

217 4087 220 4092 .
378 4034 548 4110 infestent.
596 4043 633 4112 Si
657 4059 739 4110 vera
764 4036 841 4107 sunt
862 4057 939 4127 quae
966 4041 1040 4112 heri
1062 4040 1106 4112 de
1125 4038 1313 4132 Bipuntino
1329 4037 1523 4132 profligato,
1547 4035 1600 4106 in-

378 4143 474 4200 certo
499 4145 610 4200 tumen
632 4149 790 4218 rumore,
820 4133 1033 4221 accepimus,
1064 4133 1229 4226 sperarem
1255 4137 1351 4209 brevi
1377 4153 1438 4228 per
1459 4129 1602 4205 Galliam

377 4223 471 4300 iliam
489 4220 581 4316 polle
602 4225 732 4296 venire.
780 4223 854 4295 Oro
868 4223 985 4300 Deum
1009 4242 1049 4301 ut
1072 4229 1209 4321 aliquod
1227 4230 1310 4318 iter,
1332 4229 1404 4303 live
1428 4245 1515 4303 terra
1532 4227 1603 4300 live

379 4319 483 4410 mari,
513 4317 655 4420 aperiat,
685 4339 756 4422 quo
780 4323 882 4418 quim
906 4322 1053 4421 primum
1076 4343 1150 4402 eum
1168 4341 1249 4398 cum
1264 4325 1373 4401 liberis
1396 4325 1513 4404 videre
1527 4319 1604 4416 pos·

380 4415 441 4496 stur

1462 4511 1601 4588 Camo-
