3746 5142
433 431 515 528 ut
566 427 865 546 Joncrrrmr
893 418 1179 512 moment
1205 425 1538 546 urrsrorm
1696 421 1702 442 ·

435 591 487 666 tui
500 588 655 663 Bredano
671 581 871 656 interfuerit
919 579 1013 654 Cum
1026 581 1093 655 hoc
1109 601 1214 656 nemo
1226 579 1400 674 quisquam
1417 579 1559 669 refellit,
1581 585 1659 662 vim

438 687 533 760 cit...
580 679 626 752 Et
655 679 732 752 sane
754 699 875 752 omnes
896 693 1051 772 optemus
1074 697 1112 752 ut
1135 699 1260 752 vanum
1281 677 1361 748 srt1t
1381 676 1439 750 sed
1461 675 1498 746 id
1522 677 1660 755 difficile

438 777 637 876 persuadeas
663 773 839 867 Hisponis3
859 774 919 866 qui
941 795 1010 847 non
1031 771 1142 848 solum
1165 773 1227 866 ipsr
1249 773 1365 844 rustris
1386 773 1441 846 hic
1463 771 1548 844 odio
1568 774 1661 868 sunt,

440 873 499 949 sed
522 873 560 945 dt
582 893 673 957 nos,
696 871 871 945 dominum
892 867 1086 962 Tysnacum
1109 871 1186 943 dico
1202 921 1219 957 ‚.
1239 865 1498 954 Cortevillium‚
1521 869 1559 942 u
1581 893 1662 962 me,

439 968 569 1044 faciunt
601 964 738 1040 odiosos
761 987 774 1036 t
797 989 868 1041 nou
899 966 1037 1060 quidem
1070 965 1135 1040 suis
1163 963 1260 1036 fadis
1282 963 1322 1036 ἃ
1344 962 1476 1054 didis3
1503 961 1563 1036 sed
1582 968 1662 1058 quir

443 1087 525 1140 cum
547 1065 586 1138 iis
608 1060 697 1156 saepe
718 1065 754 1152 in
778 1062 929 1138 Consilio
948 1062 1119 1156 agendum
1142 1059 1243 1135 nobis
1264 1057 1329 1131 est.

489 1159 597 1258 Quod
620 1159 821 1251 Amplitudo
842 1159 950 1234 vestra
979 1159 1155 1234 dominum
1178 1153 1363 1230 Colardum
1385 1153 1468 1228 milri
1490 1175 1663 1234 tommen-

443 1256 525 1346 dat,
545 1253 650 1344 Rex,
672 1255 756 1329 dum
778 1259 814 1330 in
835 1271 923 1330 tanta
943 1253 1160 1329 multitudine
1177 1251 1435 1342 competitorum
1453 1251 1577 1326 dubius
1595 1255 1666 1328 hae»

433 1363 520 1440 ret,
550 1351 725 1445 negotium
747 1353 830 1426 mihi
851 1351 945 1424 dedit
964 1347 1161 1442 expetitu,
1183 1363 1224 1418 ut
1245 1345 1287 1417 ab
1303 1346 1540 1437 Amplitudine
1552 1349 1666 1424 vestre

447 1448 601 1535 discam,
630 1445 756 1536 ecquid
783 1445 966 1518 Claudium
989 1441 1181 1529 Bellirrum,
1200 1439 1363 1514 Ballivuur
1386 1441 1666 1520 Deumontanum

446 1541 608 1629 noverit3
639 1536 780 1629 &quid
811 1537 983 1628 hominis,
1014 1551 1179 1627 quantum
1199 1535 1245 1607 ad
1267 1537 1335 1608 hoe
1356 1557 1478 1612 munus
1486 1589 1506 1629 ‚.
1523 1561 1595 1634 quo
1620 1540 1667 1616 de

446 1637 577 1731 agitur,
599 1631 893 1706 admirulrmdum
915 1629 1079 1724 pertinet,
1102 1629 1269 1704 videatur.
1597 1642 1601 1650 ·

492 1731 549 1804 De
570 1749 733 1820 operam,
755 1725 960 1800 Reuerende
979 1723 1124 1815 Presul,
1149 1727 1274 1818 optime
1297 1742 1461 1820 patrone,
1483 1733 1671 1810 utvaleest

450 1827 487 1902 de
510 1840 545 1898 te
567 1824 716 1918 Regiae
738 1822 979 1916 Reipublicae,
1008 1821 1201 1916 nobisque,
1222 1822 1259 1896 in
1280 1824 1467 1898 adventum
1489 1827 1672 1919 nostrum,

447 1922 572 1998 serves.
619 1919 709 1991 Petri
726 1913 857 1991 ourani
871 1917 973 1990 vestri
994 1918 1170 2011 negotium
1191 1918 1364 2013 petatium
1386 1920 1460 2010 est,
1484 1921 1544 1994 sed
1564 1923 1673 1998 reser-

449 2037 569 2094 vamus
599 2013 799 2088 mittendum
832 2013 987 2106 proximo
1018 2011 1127 2090 cursu.
1173 2015 1297 2089 lterum
1326 2017 1436 2088 valeat
1464 2017 1679 2108 Amplitudo

450 2112 572 2190 vestra.
619 2109 756 2182 Mauriu
778 2131 833 2202 ¹4·
854 2105 968 2182 Martii
990 2105 1097 2200 1566.
1117 2109 1332 2183 Reverendae
1342 2111 1578 2201 Amplitudinis
1593 2111 1675 2185 ves.-

451 2227 514 2285 trae
533 2204 751 2300 paudffimur
772 2203 909 2279 servitor
932 2203 1141 2299 Jmcmus
1165 2203 1378 2276 Horremus.

499 2303 557 2376 Ab
579 2299 729 2376 hesterna
751 2295 878 2391 rotie,
898 2297 968 2394 qui
988 2301 1040 2374 hae
1061 2299 1190 2393 scripte
1214 2299 1311 2390 sunt,
1334 2295 1504 2390 aliquanto
1525 2303 1606 2396 plus
1622 2301 1674 2380 tf-

320 2437 324 2446 ·
451 2399 546 2476 mlut
567 2395 667 2472 bonae
687 2397 763 2490 spei
780 2395 879 2492 super
894 2394 1107 2490 profudione
1122 2397 1262 2486 nostra,
1277 2396 1333 2470 sed
1349 2418 1419 2470 non
1436 2397 1486 2470 est
1504 2398 1576 2472 fatu
1595 2399 1675 2494 dig-

452 2517 550 2572 num,
593 2493 650 2568 De
673 2495 806 2569 Albano
837 2493 903 2580 iu,
925 2491 975 2564 uti
1002 2489 1128 2584 iuliemt
1160 2491 1363 2585 Amplitudo
1390 2492 1524 2584 verua,
1545 2498 1677 2590 curavi

454 2591 512 2668 De
536 2595 670 2686 Aggaeo.
699 2588 815 2664 nostro
837 2589 952 2678 nihil,
975 2609 1038 2661 nec
1061 2588 1176 2662 audire
1197 2609 1286 2678 me,
1315 2608 1378 2660 nec
1398 2589 1565 2664 literarum
1587 2593 1674 2665 acci·

453 2708 559 2782 pere,
582 2685 680 2760 valde
702 2686 811 2762 miror.
861 2685 963 2783 jam,
986 2683 1112 2772 credo,
1135 2683 1312 2758 meditatur
1335 2705 1406 2778 quo
1423 2684 1675 2779 pauorufiam.

454 2781 603 2858 nostrum
628 2781 867 2856 reformaturus
896 2781 947 2854 (it.
1004 2779 1161 2856 Proximi
1183 2782 1549 2869 occatione‚v01ente
1569 2779 1678 2873 Deo,

456 2880 499 2954 ad
531 2900 611 2951 eum
643 2875 798 2952 scribom.
842 2873 1105 2963 emmenum,
1128 2877 1171 2948 de
1194 2871 1315 2967 quibus
1339 2877 1537 2970 Amplitudo
1559 2877 1669 2951 vestm

456 2973 587 3062 scribit,
609 2971 710 3066 paulo
731 2993 823 3044 nunc
845 2971 1005 3045 videntur
1024 2971 1236 3046 rettriffiores
1251 2971 1372 3060 fuisse,
1393 2979 1496 3065 quim
1512 2972 1611 3062 olim,
1633 2973 1675 3045 dt

457 3069 536 3142 sane
561 3071 612 3142 uti
636 3069 764 3154 dicitis,
785 3065 932 3140 affinitati
954 3067 1077 3159 aliquid
1094 3067 1143 3141 est
1158 3069 1434 3142 condonandum.
1477 3069 1570 3143 Nam
1585 3081 1681 3162 puto

457 3163 526 3238 hoc
557 3164 701 3236 exercitii
732 3161 819 3254 ipsds
849 3163 935 3234 inter
957 3161 992 3233 se
1014 3183 1167 3256 capere,
1199 3179 1241 3234 ut
1262 3163 1394 3238 Asturici
1417 3164 1480 3238 else
1504 3163 1674 3240 studeant

460 3255 682 3332 Cortevillius
705 3257 818 3330 noster
840 3259 931 3331 Duci
947 3258 974 3328 i't
991 3278 1126 3347 comes,
1147 3272 1189 3330 ut
1205 3257 1303 3336 scitis.
1349 3260 1398 3333 Et
1417 3261 1515 3333 dedit
1532 3261 1582 3333 illi
1597 3263 1677 3336 Rex
1794 3251 1797 3258 ⁴

456 3349 664 3425 beneficium
698 3353 788 3424 mille
818 3353 1042 3425 ducentorum
1077 3353 1276 3427 ducatorum
1308 3355 1345 3428 in
1375 3355 1523 3450 smgulos
1557 3376 1674 3434 annor.

458 3447 573 3522 Velim
599 3445 676 3520 sane
699 3446 826 3520 domini
847 3445 1020 3540 Tysnaci,
1039 3469 1102 3542 pro
1125 3445 1189 3523 suis
1213 3450 1348 3542 optimis
1369 3471 1509 3546 quoque
1532 3453 1681 3541 meritis,

459 3544 621 3618 rationem
643 3541 740 3617 etiam
763 3543 910 3616 haberi:
935 3547 1030 3636 quod
1052 3547 1220 3638 speramus
1242 3547 1338 3620 brevi
1360 3547 1535 3622 futurum..
1585 3551 1676 3641 Nam
1796 3579 1801 3598 ·

458 3641 512 3716 his
543 3641 702 3735 proxmris
734 3639 853 3714 diebus
875 3639 953 3713 Rex
985 3641 1020 3715 se
1053 3641 1181 3715 millum
1204 3641 1298 3716 illum
1322 3641 1496 3718 facturum
1514 3645 1676 3731 dicebat3

459 3738 555 3830 quod
578 3759 647 3812 non
670 3735 719 3809 est
740 3735 893 3810 futurum
918 3735 986 3812 srue
1000 3735 1141 3812 honesta
1159 3740 1436 3814 remuneratione.
1483 3739 1676 3814 Franciscue

459 3829 657 3922 Herelius,
682 3831 822 3907 Hess‘elii
853 3831 955 3906 noss'u'
976 3835 1087 3924 filius,
1111 3855 1218 3930 nuper
1240 3835 1282 3908 ad
1305 3857 1360 3908 me
1380 3835 1566 3930 scriptitex
1588 3835 1674 3906 sum

458 3927 611 3999 munira„
657 3929 851 4020 Perplacent
874 3929 956 4002 mihi
977 3929 1109 4025 iuuenis
1130 3930 1270 4021 studim
1285 3931 1323 4005 δι
1345 3933 1609 4028 quibuscumque
1623 3947 1679 3999 re-

458 4013 524 4088 uns
545 4035 688 4112 potero,
707 4023 801 4098 illum
822 4021 961 4114 juvabo.
