3710 5144
309 519 393 638 Au
410 551 648 641 vanarum
671 572 727 638 nr
747 525 955 639 ΑΥΤΤΑ
972 545 1328 636 ZUJCHEllAJM.
1383 546 1429 630 ar
1469 553 1474 558 ·

217 715 288 783 lros
313 707 509 784 haberemus
532 706 716 803 adversos)
741 707 917 781 necesarii>
934 705 1030 795 fore,
1053 719 1091 776 ut
1114 726 1234 799 magna
1252 704 1288 776 id
1305 704 1434 776 incom-

187 819 190 826 ’
217 805 318 876 moda
334 805 446 878 secum
464 806 617 878 traheret.
663 805 811 876 Primum
837 802 947 892 enirn,
979 802 1315 874 communicationem
1347 801 1436 870 hane

217 915 351 992 ruptam
369 901 432 988 iri,
451 900 488 972 &
504 901 549 974 ad
566 899 685 972 Edicta
701 898 958 990 Navigationis,
975 895 1281 970 Manufadiutarum
1293 893 1436 984 ,Nego

220 994 374 1082 ciationis
388 997 554 1087 pannariae
576 995 779 1086 prohibitae,
803 993 840 1064 dc
857 993 919 1065 alia
936 993 971 1064 id
990 1014 1123 1088 genus,
1145 993 1255 1066 rediri.
1300 988 1437 1063 Deinde

219 1087 441 1162 intercursum
455 1088 564 1180 ipsum
581 1107 622 1162 ex
634 1088 848 1181 consequenti
861 1107 998 1182 quoque
1009 1089 1074 1162 else
1084 1087 1310 1184 rumpendum
1322 1106 1331 1153 r
1341 1081 1436 1176 quod

219 1187 267 1254 'an
292 1184 391 1256 rebus
417 1185 534 1258 nostris
560 1185 759 1280 conveniat,
779 1185 942 1257 incertum
962 1188 1021 1259 ese
1067 1182 1210 1260 Certum
1227 1182 1336 1254 uitem
1365 1199 1437 1251 non

219 1279 291 1352 sine
311 1279 406 1352 cauit
423 1297 500 1352 eum
519 1280 756 1370 constitutum,
778 1281 941 1354 mentale
959 1279 1120 1354 haetenus
1137 1299 1192 1352 res
1209 1277 1334 1352 nostras
1360 1277 1433 1366 eius

218 1374 461 1448 observantiam
500 1375 532 1448 se
560 1375 717 1448 habuisse.
778 1377 919 1449 Accedit
944 1376 1098 1465 tertinm,
1129 1377 1296 1468 Reginam
1321 1372 1438 1464 procul

220 1468 349 1558 dubia,
372 1473 530 1567 (tametsi
545 1493 614 1543 non
633 1473 727 1546 bono
753 1469 865 1638 iuret?
883 1472 917 1544 in
937 1489 1155 1566 campartem
1181 1471 1217 1544 id
1242 1471 1437 1564 interpreta-

216 1578 351 1654 turum,
375 1565 827 1659 ut,cuminte1·cursu,l²ae
853 1589 908 1642 era
926 1587 1065 1662 quoque
1084 1567 1201 1657 Pacis,
1225 1566 1261 1640 dc
1286 1561 1434 1636 arctioris
1560 1571 1566 1588 ·

215 1663 391 1770 arnititiae,
409 1677 508 1756 rupta
525 1664 729 1738 censeantur.
775 1663 885 1764 Quod
902 1665 1010 1738 finon
1027 1667 1177 1753 bellum,
1200 1665 1222 1762 (
1231 1677 1370 1758 propter
1379 1677 1433 1730 res

221 1757 319 1848 ipsius
337 1779 406 1842 non
424 1761 535 1832 minus
552 1777 652 1850 quam
669 1757 794 1834 nostras
811 1758 961 1852 accisas)
979 1768 1069 1834 certe
1085 1762 1189 1838 multa
1215 1755 1432 1834 incommoda

217 1853 324 1944 posset
341 1855 528 1946 adducere,
546 1855 583 1926 dc
595 1875 754 1950 magnam
773 1871 899 1946 partem
914 1856 1154 1946 negociationis
1172 1857 1238 1928 alio
1262 1856 1433 1937 derivare3

218 1950 363 2023 maxime
382 1951 521 2042 quando
537 1952 640 2046 Angli
659 1955 705 2024 ita
720 1949 787 2044 jam
805 1950 863 2022 libi
881 1949 1145 2043 prospexerunt,
1167 1949 1431 2041 utprorimoan-
1511 1989 1516 1999 ·

217 2064 265 2116 no
283 2047 375 2119 nullal
394 2049 527 2120 anobis
542 2047 729 2122 necessitate
746 2046 876 2136 premi,
899 2061 957 2117 aut
972 2049 1061 2117 certe
1077 2045 1112 2117 in
1127 2046 1221 2136 leges
1238 2042 1360 2114 nolhas
1383 2039 1433 2109 sa-

215 2141 281 2210 cile
300 2142 377 2229 cogi
391 2141 523 2229 polline.
562 2141 680 2230 ltaque
697 2140 733 2208 in
750 2141 818 2208 lroc
833 2138 920 2208 itum
937 2139 1007 2224 est,
1021 2153 1060 2208 ut
1077 2139 1190 2208 Curiae
1208 2135 1366 2208 sententia
1377 2133 1431 2298 ἕ-

218 2232 357 2319 quenda
374 2232 414 2301 lit
432 2253 442 2300 a
463 2233 525 2302 nisa
541 2233 678 2322 Regina
696 2232 739 2300 ab
764 2230 798 2301 se
826 2231 992 2322 impetrari
1018 2231 1181 2323 patiatur,
1214 2247 1255 2302 ut
1282 2229 1345 2303 suis
1401 2249 1432 2301 1c

218 2323 365 2434 yec’tigal
383 2325 548 2418 amplius,
570 2345 634 2418 pro
655 2326 761 2399 modo
784 2323 959 2400 auctonun
978 2327 1198 2421 vedigalium
1221 2327 1259 2400 in
1287 2324 1448 2419 Anglia,

216 2436 422 2514 imponatur.

266 2517 530 2594 Damonenfium
549 2519 586 2594 dc
602 2515 884 2614 Grdningensrum
901 2519 1050 2616 querelas
1070 2521 1127 2596 vix
1143 2521 1275 2596 tandem
1295 2541 1356 2613 per
1373 2539 1434 2592 ne·

215 2615 311 2706 gotia
334 2615 573 2709 recognoscere
589 2618 771 2707 potuimus.
817 2621 969 2691 Pauculis
985 2619 1182 2712 quibusdam
1201 2618 1362 2703 mutatis,
1385 2615 1433 2687 se-

218 2725 342 2781 cutum
359 2707 430 2782 fere
445 2711 494 2783 eli
509 2709 695 2784 Consilium
712 2713 907 2806 opinionem
932 2715 1170 2809 Amplitudinis
1188 2713 1307 2786 vestrae
1324 2711 1351 2800 ;‘
1365 2715 1435 2802 pla·

219 2802 359 2896 cu'aque
374 2820 413 2878 ut
433 2807 476 2878 ad
492 2807 678 2881 Dominum
706 2809 1019 2904 Arenbergensem,
1042 2810 1101 2904 qui
1121 2812 1176 2885 liic
1193 2811 1265 2896 est,
1289 2807 1325 2879 u
1340 2805 1434 2880 dein·

217 2899 264 2972 de
283 2900 327 2971 ad
348 2901 616 2993 Amplitudinem
637 2903 779 2978 vestram
806 2909 847 2982 ei
875 2907 918 2978 de
949 2929 986 2980 re
1012 2905 1181 2980 referatur.
1227 2905 1282 2977 Re
1300 2903 1434 2989 auditi,

216 2995 377 3106 probavit
389 2996 529 3072 Confilii
553 2999 751 3072 sententiam
769 3003 1058 3095 Arenbergenlis;
1078 3023 1145 3074 nec
1161 3017 1246 3098 puto
1265 3000 1434 3094 Amplitu-

217 3092 332 3202 dmem
351 3092 491 3168 vellram
511 3094 783 3188 improbatumm.
813 3097 899 3170 Non
917 3101 1027 3192 placet
1042 3115 1154 3171 tamen
1174 3099 1325 3174 Domino
1341 3119 1431 3170 com-

219 3190 379 3279 mrliari03
403 3192 463 3282 qai
479 3209 596 3282 pacem
613 3191 656 3261 ab
669 3188 702 3262 se
719 3189 841 3266 faciam
860 3196 999 3270 omnino
1015 3195 1078 3267 hac
1097 3197 1223 3268 ratione
1241 3195 1432 3270 indubium

216 3301 513 3391 venturamputat
532 3307 541 3357 ε
563 3286 658 3380 quod
683 3289 840 3380 equidem
865 3311 935 3362 non
965 3291 1086 3382 sper03
1109 3290 1167 3364 sed
1189 3297 1327 3379 conua,
1349 3293 1435 3366 illius

218 3377 419 3470 llJudicium
442 3377 682 3475 sequeremur,
703 3385 802 3476 plane
833 3385 879 3458 de
911 3387 953 3460 ea
973 3387 1036 3461 else
1066 3385 1209 3478 adium,
1233 3388 1433 3482 Amplitudo

217 3474 329 3548 vestm
347 3477 474 3550 videbit
490 3477 528 3550 δι
543 3479 710 3570 iudicabit.

264 3570 594 3648 Amsterodamenses
610 3573 667 3648 hic
683 3574 793 3646 adhuc
811 3574 964 3666 harem,
985 3577 1044 3651 sed
1069 3579 1253 3651 multitudo
1282 3580 1436 3670 negotio

216 3687 317 3756 rum,
335 3666 373 3739 &
391 3671 588 3780 eorumdem
607 3669 827 3781 magnitudo,
843 3691 914 3746 non
928 3673 1049 3783 paritur
1066 3689 1106 3743 ut
1120 3673 1184 3744 illis
1205 3693 1342 3782 operam
1358 3674 1435 3746 dare

214 3761 499 3968 allisas:
513 3765 932 3954 laesissetis
944 3767 1025 3932 ”ill
1036 3765 1263 3958 laima
1290 3781 1438 3943 still

207 3953 444 4030 'Nihiloodhuc
468 3955 672 4030 absolutum.
1199 3959 1206 3973 '

248 4049 353 4122 Nova
370 4053 573 4141 Melitenfia,
590 4051 774 4144 dequibus
793 4051 1062 4146 Amplitudinem
1084 4052 1224 4129 vestram
1242 4071 1327 4151 puto
1343 4061 1437 4134 audi·

218 4141 299 4214 visse
316 4195 329 4231 ‚
350 4169 472 4223 vereor
486 4149 556 4246 (dc
572 4145 710 4240 quidem
723 4169 794 4221 non
809 4149 940 4224 incertis
955 4151 1188 4246 argumentis)
1206 4171 1243 4229 ut
1258 4177 1344 4231 vana
1362 4160 1436 4232 lint.

60 4249 69 4274 ⁸
217 4233 408 4329 Diagoram
428 4261 541 4319 tamen
564 4259 759 4336 mortuum,
781 4269 900 4324 verum
920 4247 993 4341 est,
1016 4251 1298 4345 quemadmodum
1314 4253 1352 4324 dt
1374 4251 1435 4321 alia

214 4337 378 4410 nonnulla
402 4339 497 4416 nimis
514 4339 591 4414 sunt
613 4359 702 4416 vera.

262 4429 344 4507 Hic
360 4433 445 4512 hori
460 4437 652 4534 Episcopus
668 4437 902 4556 Namurcensa
920 4442 964 4518 de
974 4438 1133 4607 Clqncilio
1154 4437 1355 4517 provinciali
1371 4433 1436 4512 Ca
