<?xml version="1.0" encoding="UTF-8"?>
<!DOCTYPE html PUBLIC "-//W3C//DTD XHTML 1.0 Transitional//EN"
    "http://www.w3.org/TR/xhtml1/DTD/xhtml1-transitional.dtd">
<html xmlns="http://www.w3.org/1999/xhtml" xml:lang="en" lang="en">
 <head>
  <title>
</title>
<meta http-equiv="Content-Type" content="text/html;charset=utf-8" />
  <meta name='ocr-system' content='tesseract 3.04.00' />
  <meta name='ocr-capabilities' content='ocr_page ocr_carea ocr_par ocr_line ocrx_word'/>
</head>
<body>
  <div class='ocr_page' id='page_1' title='image "./jhopperifrisiie00hoppgoog_0347.png"; bbox 0 0 3736 5140; ppageno 0'>
   <div class='ocr_carea' id='block_1_1' title="bbox 297 443 1424 601">
    <p class='ocr_par' dir='ltr' id='par_1_1' title="bbox 297 443 1424 601">
     <span class='ocr_line' id='line_1_1' title="bbox 297 443 1424 601; baseline 0 -19"><span class='ocrx_word' id='word_1_1' title='bbox 297 491 381 582; x_wconf 74' lang='lat' dir='ltr'>An</span> <span class='ocrx_word' id='word_1_2' title='bbox 396 443 631 582; x_wconf 71' lang='lat' dir='ltr'>vrorum</span> <span class='ocrx_word' id='word_1_3' title='bbox 651 484 924 575; x_wconf 72' lang='lat' dir='ltr'>marma</span> <span class='ocrx_word' id='word_1_4' title='bbox 938 469 1288 578; x_wconf 82' lang='lat' dir='ltr'>zorermmom.</span> <span class='ocrx_word' id='word_1_5' title='bbox 1345 515 1424 601; x_wconf 77' lang='lat'>333</span> 
     </span>
    </p>
   </div>
   <div class='ocr_carea' id='block_1_2' title="bbox 127 639 1476 1772">
    <p class='ocr_par' dir='ltr' id='par_1_2' title="bbox 127 639 1476 1209">
     <span class='ocr_line' id='line_1_2' title="bbox 226 639 1432 742; baseline -0.002 -21"><span class='ocrx_word' id='word_1_6' title='bbox 226 697 231 708; x_wconf 85' lang='lat'><em>-</em></span> <span class='ocrx_word' id='word_1_7' title='bbox 260 644 367 742; x_wconf 85' lang='lat' dir='ltr'>Cupit</span> <span class='ocrx_word' id='word_1_8' title='bbox 382 667 484 738; x_wconf 94' lang='lat' dir='ltr'>porro</span> <span class='ocrx_word' id='word_1_9' title='bbox 504 644 560 719; x_wconf 84' lang='lat' dir='ltr'>sua</span> <span class='ocrx_word' id='word_1_10' title='bbox 574 642 728 736; x_wconf 80' lang='lat' dir='ltr'>Maiestas</span> <span class='ocrx_word' id='word_1_11' title='bbox 744 641 852 732; x_wconf 92' lang='lat' dir='ltr'>scire,</span> <span class='ocrx_word' id='word_1_12' title='bbox 874 639 898 718; x_wconf 91' lang='lat' dir='ltr'>li</span> <span class='ocrx_word' id='word_1_13' title='bbox 916 645 1034 718; x_wconf 87' lang='lat' dir='ltr'><strong>Salinae</strong></span> <span class='ocrx_word' id='word_1_14' title='bbox 1050 641 1275 736; x_wconf 80' lang='lat' dir='ltr'>Burgundicae</span> <span class='ocrx_word' id='word_1_15' title='bbox 1296 641 1366 736; x_wconf 75' lang='lat' dir='ltr'><strong>iam·</strong></span> <span class='ocrx_word' id='word_1_16' title='bbox 1379 659 1432 718; x_wconf 75' lang='lat' dir='ltr'>to·</span> 
     </span>
     <span class='ocr_line' id='line_1_3' title="bbox 215 737 1432 832; baseline -0.002 -17"><span class='ocrx_word' id='word_1_17' title='bbox 215 754 258 815; x_wconf 85' lang='lat' dir='ltr'>tae</span> <span class='ocrx_word' id='word_1_18' title='bbox 275 741 341 816; x_wconf 85' lang='lat' dir='ltr'>suae</span> <span class='ocrx_word' id='word_1_19' title='bbox 355 741 451 828; x_wconf 89' lang='lat' dir='ltr'>sunt,</span> <span class='ocrx_word' id='word_1_20' title='bbox 475 740 513 811; x_wconf 74' lang='lat' dir='ltr'>da</span> <span class='ocrx_word' id='word_1_21' title='bbox 528 745 548 814; x_wconf 76' lang='lat' dir='ltr'><strong>a</strong></span> <span class='ocrx_word' id='word_1_22' title='bbox 564 740 707 832; x_wconf 89' lang='lat' dir='ltr'>quibus,</span> <span class='ocrx_word' id='word_1_23' title='bbox 717 737 754 812; x_wconf 78' lang='lat' dir='ltr'>dt</span> <span class='ocrx_word' id='word_1_24' title='bbox 769 739 883 830; x_wconf 86' lang='lat' dir='ltr'><strong>quanti</strong></span> <span class='ocrx_word' id='word_1_25' title='bbox 893 739 1101 832; x_wconf 87' lang='lat' dir='ltr'>,portiones,</span> <span class='ocrx_word' id='word_1_26' title='bbox 1119 741 1432 830; x_wconf 87' lang='lat' dir='ltr'>praeterAuraicerr-</span> 
     </span>
     <span class='ocr_line' id='line_1_4' title="bbox 214 831 1431 930; baseline -0.003 -19"><span class='ocrx_word' id='word_1_27' title='bbox 214 839 258 911; x_wconf 76' lang='lat' dir='ltr'>lie</span> <span class='ocrx_word' id='word_1_28' title='bbox 272 837 444 930; x_wconf 84' lang='lat' dir='ltr'>portiones</span> <span class='ocrx_word' id='word_1_29' title='bbox 461 834 676 922; x_wconf 81' lang='lat' dir='ltr'>confiscatas,</span> <span class='ocrx_word' id='word_1_30' title='bbox 698 831 826 906; x_wconf 88' lang='lat' dir='ltr'>suerint</span> <span class='ocrx_word' id='word_1_31' title='bbox 846 849 1063 926; x_wconf 83' lang='lat' dir='ltr'>comparatae,</span> <span class='ocrx_word' id='word_1_32' title='bbox 1085 835 1181 924; x_wconf 91' lang='lat' dir='ltr'>quod</span> <span class='ocrx_word' id='word_1_33' title='bbox 1198 833 1352 907; x_wconf 88' lang='lat' dir='ltr'>dominus</span> <span class='ocrx_word' id='word_1_34' title='bbox 1367 833 1431 907; x_wconf 88' lang='lat' dir='ltr'>Ba-</span> 
     </span>
     <span class='ocr_line' id='line_1_5' title="bbox 214 925 1433 1021; baseline -0.001 -18"><span class='ocrx_word' id='word_1_35' title='bbox 214 931 290 1005; x_wconf 89' lang='lat' dir='ltr'><strong>vius</strong></span> <span class='ocrx_word' id='word_1_36' title='bbox 309 929 423 1002; x_wconf 89' lang='lat' dir='ltr'>noster</span> <span class='ocrx_word' id='word_1_37' title='bbox 434 927 540 1000; x_wconf 87' lang='lat' dir='ltr'>credo</span> <span class='ocrx_word' id='word_1_38' title='bbox 555 931 679 1021; x_wconf 87' lang='lat' dir='ltr'>poterit</span> <span class='ocrx_word' id='word_1_39' title='bbox 693 928 826 1016; x_wconf 87' lang='lat' dir='ltr'>dicere,</span> <span class='ocrx_word' id='word_1_40' title='bbox 850 928 906 1001; x_wconf 88' lang='lat' dir='ltr'>cui</span> <span class='ocrx_word' id='word_1_41' title='bbox 916 928 1052 1020; x_wconf 87' lang='lat' dir='ltr'>optimo</span> <span class='ocrx_word' id='word_1_42' title='bbox 1070 927 1106 1000; x_wconf 78' lang='lat' dir='ltr'>dl</span> <span class='ocrx_word' id='word_1_43' title='bbox 1121 925 1335 1017; x_wconf 87' lang='lat' dir='ltr'>amiciffimo,</span> <span class='ocrx_word' id='word_1_44' title='bbox 1357 951 1433 1002; x_wconf 91' lang='lat' dir='ltr'>om·</span> 
     </span>
     <span class='ocr_line' id='line_1_6' title="bbox 127 1019 1435 1114; baseline 0 -18"><span class='ocrx_word' id='word_1_45' title='bbox 127 1099 132 1108; x_wconf 76' lang='grc'><em>,</em></span> <span class='ocrx_word' id='word_1_46' title='bbox 216 1022 383 1114; x_wconf 77' lang='lat' dir='ltr'>nilrusque</span> <span class='ocrx_word' id='word_1_47' title='bbox 399 1021 517 1098; x_wconf 84' lang='lat' dir='ltr'>officiis</span> <span class='ocrx_word' id='word_1_48' title='bbox 532 1019 824 1113; x_wconf 68' lang='lat' dir='ltr'>conjunctissimo,</span> <span class='ocrx_word' id='word_1_49' title='bbox 846 1024 1020 1094; x_wconf 82' lang='lat' dir='ltr'><strong>maximam</strong></span> <span class='ocrx_word' id='word_1_50' title='bbox 1038 1042 1117 1093; x_wconf 89' lang='lat' dir='ltr'>cum</span> <span class='ocrx_word' id='word_1_51' title='bbox 1138 1043 1245 1096; x_wconf 85' lang='lat' dir='ltr'>uxore</span> <span class='ocrx_word' id='word_1_52' title='bbox 1260 1023 1435 1096; x_wconf 74' lang='lat' dir='ltr'>recriffima</span> 
     </span>
     <span class='ocr_line' id='line_1_7' title="bbox 217 1113 1476 1209; baseline 0.001 -20"><span class='ocrx_word' id='word_1_53' title='bbox 217 1116 383 1202; x_wconf 89' lang='lat' dir='ltr'>salutem,</span> <span class='ocrx_word' id='word_1_54' title='bbox 406 1136 472 1209; x_wconf 84' lang='lat' dir='ltr'>ego</span> <span class='ocrx_word' id='word_1_55' title='bbox 498 1113 536 1186; x_wconf 74' lang='grc' dir='ltr'>δι</span> <span class='ocrx_word' id='word_1_56' title='bbox 558 1135 642 1188; x_wconf 82' lang='lat' dir='ltr'>uxor</span> <span class='ocrx_word' id='word_1_57' title='bbox 669 1115 770 1188; x_wconf 87' lang='lat' dir='ltr'>etiam</span> <span class='ocrx_word' id='word_1_58' title='bbox 791 1131 893 1205; x_wconf 83' lang='lat' dir='ltr'>atque</span> <span class='ocrx_word' id='word_1_59' title='bbox 911 1118 1010 1190; x_wconf 85' lang='lat' dir='ltr'>etiam</span> <span class='ocrx_word' id='word_1_60' title='bbox 1026 1132 1193 1208; x_wconf 84' lang='lat' dir='ltr'>optamus.</span> <span class='ocrx_word' id='word_1_61' title='bbox 1472 1187 1476 1200; x_wconf 78' lang='grc'><strong>,</strong></span> 
     </span>
    </p>

    <p class='ocr_par' dir='ltr' id='par_1_3' title="bbox 215 1207 1438 1772">
     <span class='ocr_line' id='line_1_8' title="bbox 261 1207 1431 1302; baseline 0 -20"><span class='ocrx_word' id='word_1_62' title='bbox 261 1207 488 1282; x_wconf 83' lang='lat' dir='ltr'>lllustriffimus</span> <span class='ocrx_word' id='word_1_63' title='bbox 504 1207 588 1282; x_wconf 82' lang='lat' dir='ltr'>Dux</span> <span class='ocrx_word' id='word_1_64' title='bbox 611 1208 764 1283; x_wconf 82' lang='lat' dir='ltr'><strong>Albanus</strong></span> <span class='ocrx_word' id='word_1_65' title='bbox 782 1207 951 1301; x_wconf 79' lang='lat' dir='ltr'>saepiffime</span> <span class='ocrx_word' id='word_1_66' title='bbox 973 1211 1016 1282; x_wconf 89' lang='lat' dir='ltr'>ad</span> <span class='ocrx_word' id='word_1_67' title='bbox 1040 1231 1094 1284; x_wconf 89' lang='lat' dir='ltr'>me</span> <span class='ocrx_word' id='word_1_68' title='bbox 1112 1210 1263 1302; x_wconf 73' lang='lat' dir='ltr'>scripsit,</span> <span class='ocrx_word' id='word_1_69' title='bbox 1285 1223 1328 1280; x_wconf 84' lang='lat' dir='ltr'>ut·</span> <span class='ocrx_word' id='word_1_70' title='bbox 1349 1231 1431 1282; x_wconf 87' lang='lat' dir='ltr'>corr-</span> 
     </span>
     <span class='ocr_line' id='line_1_9' title="bbox 216 1301 1436 1400; baseline -0.002 -23"><span class='ocrx_word' id='word_1_71' title='bbox 216 1303 435 1378; x_wconf 81' lang='lat' dir='ltr'>firmationem</span> <span class='ocrx_word' id='word_1_72' title='bbox 451 1301 563 1376; x_wconf 89' lang='lat' dir='ltr'>Officii</span> <span class='ocrx_word' id='word_1_73' title='bbox 587 1303 747 1396; x_wconf 74' lang='lat' dir='ltr'>generalis</span> <span class='ocrx_word' id='word_1_74' title='bbox 772 1303 870 1394; x_wconf 92' lang='lat' dir='ltr'>super</span> <span class='ocrx_word' id='word_1_75' title='bbox 888 1303 1188 1378; x_wconf 85' lang='lat' dir='ltr'>Alsecuratiorribus</span> <span class='ocrx_word' id='word_1_76' title='bbox 1205 1303 1313 1400; x_wconf 80' lang='lat' dir='ltr'><strong>&lt;quas</strong></span> <span class='ocrx_word' id='word_1_77' title='bbox 1333 1323 1436 1376; x_wconf 83' lang='lat' dir='ltr'><strong>voca·-</strong></span> 
     </span>
     <span class='ocr_line' id='line_1_10' title="bbox 215 1395 1431 1491; baseline 0.001 -21"><span class='ocrx_word' id='word_1_78' title='bbox 215 1398 323 1491; x_wconf 89' lang='lat' dir='ltr'>mus)</span> <span class='ocrx_word' id='word_1_79' title='bbox 340 1399 382 1472; x_wconf 90' lang='lat' dir='ltr'>ab</span> <span class='ocrx_word' id='word_1_80' title='bbox 404 1398 461 1470; x_wconf 89' lang='lat' dir='ltr'>sua</span> <span class='ocrx_word' id='word_1_81' title='bbox 477 1395 651 1488; x_wconf 78' lang='lat' dir='ltr'>Maiestate</span> <span class='ocrx_word' id='word_1_82' title='bbox 676 1417 740 1490; x_wconf 92' lang='lat' dir='ltr'>pro</span> <span class='ocrx_word' id='word_1_83' title='bbox 758 1397 894 1470; x_wconf 85' lang='lat' dir='ltr'>Didaco</span> <span class='ocrx_word' id='word_1_84' title='bbox 909 1398 1084 1471; x_wconf 87' lang='lat' dir='ltr'><strong>Gonzalez</strong></span> <span class='ocrx_word' id='word_1_85' title='bbox 1107 1401 1219 1474; x_wconf 87' lang='lat' dir='ltr'>Garrte</span> <span class='ocrx_word' id='word_1_86' title='bbox 1245 1397 1431 1489; x_wconf 89' lang='lat' dir='ltr'>impetrem.</span> 
     </span>
     <span class='ocr_line' id='line_1_11' title="bbox 218 1490 1438 1585; baseline -0.002 -20"><span class='ocrx_word' id='word_1_87' title='bbox 218 1493 330 1585; x_wconf 82' lang='lat' dir='ltr'>Super</span> <span class='ocrx_word' id='word_1_88' title='bbox 353 1512 420 1584; x_wconf 89' lang='lat' dir='ltr'>qua</span> <span class='ocrx_word' id='word_1_89' title='bbox 437 1513 500 1579; x_wconf 86' lang='lat' dir='ltr'>re,</span> <span class='ocrx_word' id='word_1_90' title='bbox 521 1491 688 1582; x_wconf 77' lang='lat' dir='ltr'>saepiflime</span> <span class='ocrx_word' id='word_1_91' title='bbox 709 1495 798 1570; x_wconf 75' lang='lat' dir='ltr'>certe</span> <span class='ocrx_word' id='word_1_92' title='bbox 813 1493 905 1564; x_wconf 91' lang='lat' dir='ltr'>suam</span> <span class='ocrx_word' id='word_1_93' title='bbox 923 1490 1131 1582; x_wconf 79' lang='lat' dir='ltr'>Maiestatem</span> <span class='ocrx_word' id='word_1_94' title='bbox 1150 1492 1370 1584; x_wconf 83' lang='lat' dir='ltr'><strong>compellavi,</strong></span> <span class='ocrx_word' id='word_1_95' title='bbox 1394 1510 1438 1566; x_wconf 80' lang='lat' dir='ltr'>ur</span> 
     </span>
     <span class='ocr_line' id='line_1_12' title="bbox 215 1584 1437 1676; baseline 0 -18"><span class='ocrx_word' id='word_1_96' title='bbox 215 1585 284 1658; x_wconf 81' lang='lat' dir='ltr'>suae</span> <span class='ocrx_word' id='word_1_97' title='bbox 299 1585 495 1659; x_wconf 89' lang='lat' dir='ltr'>Celsrtudini</span> <span class='ocrx_word' id='word_1_98' title='bbox 511 1584 778 1675; x_wconf 78' lang='lat' dir='ltr'>quibuscumque</span> <span class='ocrx_word' id='word_1_99' title='bbox 797 1585 897 1657; x_wconf 87' lang='lat' dir='ltr'>rebus</span> <span class='ocrx_word' id='word_1_100' title='bbox 908 1600 1028 1676; x_wconf 88' lang='lat' dir='ltr'>potero</span> <span class='ocrx_word' id='word_1_101' title='bbox 1043 1587 1198 1674; x_wconf 80' lang='lat' dir='ltr'>serviam,</span> <span class='ocrx_word' id='word_1_102' title='bbox 1222 1585 1259 1658; x_wconf 83' lang='lat' dir='ltr'>dc</span> <span class='ocrx_word' id='word_1_103' title='bbox 1273 1585 1408 1658; x_wconf 88' lang='lat' dir='ltr'>Didaco</span> <span class='ocrx_word' id='word_1_104' title='bbox 1417 1637 1437 1674; x_wconf 85' lang='lat'>,</span> 
     </span>
     <span class='ocr_line' id='line_1_13' title="bbox 215 1677 1435 1772; baseline 0.002 -21"><span class='ocrx_word' id='word_1_105' title='bbox 215 1698 319 1772; x_wconf 86' lang='lat' dir='ltr'>quem</span> <span class='ocrx_word' id='word_1_106' title='bbox 338 1679 447 1754; x_wconf 87' lang='lat' dir='ltr'>virum</span> <span class='ocrx_word' id='word_1_107' title='bbox 470 1677 599 1750; x_wconf 87' lang='lat' dir='ltr'><strong>bonum</strong></span> <span class='ocrx_word' id='word_1_108' title='bbox 614 1677 679 1750; x_wconf 88' lang='lat' dir='ltr'>else</span> <span class='ocrx_word' id='word_1_109' title='bbox 696 1677 827 1767; x_wconf 84' lang='lat' dir='ltr'>audio,</span> <span class='ocrx_word' id='word_1_110' title='bbox 843 1692 1006 1768; x_wconf 86' lang='lat' dir='ltr'><strong>quantum</strong></span> <span class='ocrx_word' id='word_1_111' title='bbox 1028 1699 1150 1770; x_wconf 88' lang='lat' dir='ltr'>queam</span> <span class='ocrx_word' id='word_1_112' title='bbox 1167 1679 1303 1772; x_wconf 85' lang='lat' dir='ltr'>prosim.</span> <span class='ocrx_word' id='word_1_113' title='bbox 1350 1679 1435 1753; x_wconf 79' lang='lat' dir='ltr'>Cae·</span> 
     </span>
    </p>
   </div>
   <div class='ocr_carea' id='block_1_3' title="bbox 76 1767 1435 1864">
    <p class='ocr_par' dir='ltr' id='par_1_4' title="bbox 76 1767 1435 1864">
     <span class='ocr_line' id='line_1_14' title="bbox 76 1767 1435 1864; baseline 0.008 -26"><span class='ocrx_word' id='word_1_114' title='bbox 76 1811 78 1816; x_wconf 34' lang='lat'>*</span> <span class='ocrx_word' id='word_1_115' title='bbox 215 1785 328 1846; x_wconf 88' lang='lat' dir='ltr'>terum</span> <span class='ocrx_word' id='word_1_116' title='bbox 344 1773 402 1842; x_wconf 77' lang='lat' dir='ltr'>sm</span> <span class='ocrx_word' id='word_1_117' title='bbox 415 1771 500 1842; x_wconf 73' lang='lat' dir='ltr'>dieo</span> <span class='ocrx_word' id='word_1_118' title='bbox 515 1767 671 1858; x_wconf 68' lang='lat' dir='ltr'>Maiestas</span> <span class='ocrx_word' id='word_1_119' title='bbox 684 1769 847 1840; x_wconf 68' lang='lat' dir='ltr'>hactenus</span> <span class='ocrx_word' id='word_1_120' title='bbox 862 1793 932 1840; x_wconf 90' lang='lat' dir='ltr'>rem</span> <span class='ocrx_word' id='word_1_121' title='bbox 946 1773 1073 1860; x_wconf 86' lang='lat' dir='ltr'>semper</span> <span class='ocrx_word' id='word_1_122' title='bbox 1088 1774 1236 1862; x_wconf 82' lang='lat' dir='ltr'>distulit3</span> <span class='ocrx_word' id='word_1_123' title='bbox 1257 1775 1317 1847; x_wconf 89' lang='lat' dir='ltr'>nisr</span> <span class='ocrx_word' id='word_1_124' title='bbox 1335 1774 1435 1864; x_wconf 84' lang='lat' dir='ltr'>quod</span> 
     </span>
    </p>
   </div>
   <div class='ocr_carea' id='block_1_4' title="bbox 216 1859 1434 1955">
    <p class='ocr_par' dir='ltr' id='par_1_5' title="bbox 216 1859 1434 1955">
     <span class='ocr_line' id='line_1_15' title="bbox 216 1859 1434 1955; baseline -0.005 -15"><span class='ocrx_word' id='word_1_125' title='bbox 216 1865 270 1940; x_wconf 83' lang='lat' dir='ltr'>his</span> <span class='ocrx_word' id='word_1_126' title='bbox 294 1863 455 1955; x_wconf 76' lang='lat' dir='ltr'>proximis</span> <span class='ocrx_word' id='word_1_127' title='bbox 476 1859 594 1930; x_wconf 80' lang='lat' dir='ltr'>diebus</span> <span class='ocrx_word' id='word_1_128' title='bbox 615 1860 784 1929; x_wconf 82' lang='lat' dir='ltr'><strong>mandavit</strong></span> <span class='ocrx_word' id='word_1_129' title='bbox 807 1861 851 1930; x_wconf 87' lang='lat' dir='ltr'>ad</span> <span class='ocrx_word' id='word_1_130' title='bbox 866 1860 1134 1950; x_wconf 86' lang='lat' dir='ltr'>Amplitudirrem</span> <span class='ocrx_word' id='word_1_131' title='bbox 1155 1865 1296 1935; x_wconf 84' lang='lat' dir='ltr'>vestram</span> <span class='ocrx_word' id='word_1_132' title='bbox 1315 1865 1434 1938; x_wconf 82' lang='lat' dir='ltr'>scribe.-</span> 
     </span>
    </p>
   </div>
   <div class='ocr_carea' id='block_1_5' title="bbox 120 1951 1594 2048">
    <p class='ocr_par' dir='ltr' id='par_1_6' title="bbox 120 1951 1594 2048">
     <span class='ocr_line' id='line_1_16' title="bbox 120 1951 1594 2048; baseline -0.002 -18"><span class='ocrx_word' id='word_1_133' title='bbox 120 1984 124 2000; x_wconf 91' lang='lat'><strong>·</strong></span> <span class='ocrx_word' id='word_1_134' title='bbox 216 1976 278 2046; x_wconf 84' lang='lat' dir='ltr'>re,</span> <span class='ocrx_word' id='word_1_135' title='bbox 306 1970 345 2027; x_wconf 93' lang='lat' dir='ltr'>ut</span> <span class='ocrx_word' id='word_1_136' title='bbox 366 1953 493 2027; x_wconf 82' lang='lat' dir='ltr'>secreto</span> <span class='ocrx_word' id='word_1_137' title='bbox 511 1951 670 2044; x_wconf 85' lang='lat' dir='ltr'>dispicere</span> <span class='ocrx_word' id='word_1_138' title='bbox 691 1952 773 2024; x_wconf 84' lang='lat' dir='ltr'>velit</span> <span class='ocrx_word' id='word_1_139' title='bbox 791 1951 949 2043; x_wconf 76' lang='lat' dir='ltr'><strong>quidnam</strong></span> <span class='ocrx_word' id='word_1_140' title='bbox 968 1951 1015 2021; x_wconf 90' lang='lat' dir='ltr'>rei</span> <span class='ocrx_word' id='word_1_141' title='bbox 1032 1953 1092 2040; x_wconf 82' lang='lat' dir='ltr'>fir,</span> <span class='ocrx_word' id='word_1_142' title='bbox 1123 1955 1161 2025; x_wconf 84' lang='lat' dir='ltr'>dc</span> <span class='ocrx_word' id='word_1_143' title='bbox 1176 1953 1272 2044; x_wconf 79' lang='lat' dir='ltr'>cujus</span> <span class='ocrx_word' id='word_1_144' title='bbox 1287 1957 1432 2048; x_wconf 87' lang='lat' dir='ltr'>valoris,</span> <span class='ocrx_word' id='word_1_145' title='bbox 1589 2027 1594 2038; x_wconf 80' lang='grc'>,</span> 
     </span>
    </p>
   </div>
   <div class='ocr_carea' id='block_1_6' title="bbox 219 2043 1434 2140">
    <p class='ocr_par' dir='ltr' id='par_1_7' title="bbox 219 2043 1434 2140">
     <span class='ocr_line' id='line_1_17' title="bbox 219 2043 1434 2140; baseline 0 -17"><span class='ocrx_word' id='word_1_146' title='bbox 219 2050 258 2123; x_wconf 79' lang='lat' dir='ltr'>dt</span> <span class='ocrx_word' id='word_1_147' title='bbox 277 2071 320 2123; x_wconf 90' lang='lat' dir='ltr'>an</span> <span class='ocrx_word' id='word_1_148' title='bbox 347 2045 547 2134; x_wconf 84' lang='lat' dir='ltr'>conveniat,</span> <span class='ocrx_word' id='word_1_149' title='bbox 571 2045 676 2140; x_wconf 88' lang='lat' dir='ltr'>idque</span> <span class='ocrx_word' id='word_1_150' title='bbox 699 2045 742 2118; x_wconf 89' lang='lat' dir='ltr'>ad</span> <span class='ocrx_word' id='word_1_151' title='bbox 770 2066 824 2117; x_wconf 89' lang='lat' dir='ltr'>me</span> <span class='ocrx_word' id='word_1_152' title='bbox 851 2043 1075 2138; x_wconf 82' lang='lat' dir='ltr'>perscribere3</span> <span class='ocrx_word' id='word_1_153' title='bbox 1106 2061 1145 2118; x_wconf 89' lang='lat' dir='ltr'>ut</span> <span class='ocrx_word' id='word_1_154' title='bbox 1168 2047 1290 2121; x_wconf 89' lang='lat' dir='ltr'>deinde</span> <span class='ocrx_word' id='word_1_155' title='bbox 1318 2051 1434 2124; x_wconf 78' lang='lat' dir='ltr'>videat</span> 
     </span>
    </p>
   </div>
   <div class='ocr_carea' id='block_1_7' title="bbox 216 2137 1583 2238">
    <p class='ocr_par' dir='ltr' id='par_1_8' title="bbox 216 2137 1583 2238">
     <span class='ocr_line' id='line_1_18' title="bbox 216 2137 1583 2238; baseline 0.004 -22"><span class='ocrx_word' id='word_1_156' title='bbox 216 2145 378 2238; x_wconf 87' lang='lat' dir='ltr'><strong>quidnam</strong></span> <span class='ocrx_word' id='word_1_157' title='bbox 403 2141 531 2218; x_wconf 72' lang='lat' dir='ltr'>farrum</span> <span class='ocrx_word' id='word_1_158' title='bbox 548 2139 587 2214; x_wconf 90' lang='lat' dir='ltr'>srt</span> <span class='ocrx_word' id='word_1_159' title='bbox 602 2160 700 2232; x_wconf 86' lang='lat' dir='ltr'>opus.</span> <span class='ocrx_word' id='word_1_160' title='bbox 747 2139 821 2214; x_wconf 87' lang='lat' dir='ltr'>Oro</span> <span class='ocrx_word' id='word_1_161' title='bbox 843 2137 1110 2232; x_wconf 81' lang='lat' dir='ltr'>Amplirudirrem</span> <span class='ocrx_word' id='word_1_162' title='bbox 1124 2139 1267 2214; x_wconf 81' lang='lat' dir='ltr'>vestram</span> <span class='ocrx_word' id='word_1_163' title='bbox 1285 2158 1323 2215; x_wconf 92' lang='lat' dir='ltr'>ot</span> <span class='ocrx_word' id='word_1_164' title='bbox 1344 2145 1439 2224; x_wconf 85' lang='lat' dir='ltr'>hanc</span> <span class='ocrx_word' id='word_1_165' title='bbox 1579 2224 1583 2230; x_wconf 75' lang='grc'><strong><em>,</em></strong></span> 
     </span>
    </p>
   </div>
   <div class='ocr_carea' id='block_1_8' title="bbox 218 2233 1439 3182">
    <p class='ocr_par' dir='ltr' id='par_1_9' title="bbox 218 2233 1439 3182">
     <span class='ocr_line' id='line_1_19' title="bbox 218 2233 1431 2335; baseline 0.003 -23"><span class='ocrx_word' id='word_1_166' title='bbox 218 2237 403 2312; x_wconf 87' lang='lat' dir='ltr'>molestiam</span> <span class='ocrx_word' id='word_1_167' title='bbox 419 2236 609 2328; x_wconf 86' lang='lat' dir='ltr'>suscipere,</span> <span class='ocrx_word' id='word_1_168' title='bbox 632 2235 669 2308; x_wconf 84' lang='lat' dir='ltr'>dc</span> <span class='ocrx_word' id='word_1_169' title='bbox 684 2256 738 2308; x_wconf 90' lang='lat' dir='ltr'>me</span> <span class='ocrx_word' id='word_1_170' title='bbox 756 2237 858 2328; x_wconf 72' lang='lat' dir='ltr'><strong>quim</strong></span> <span class='ocrx_word' id='word_1_171' title='bbox 873 2233 1016 2328; x_wconf 78' lang='lat' dir='ltr'>primdm</span> <span class='ocrx_word' id='word_1_172' title='bbox 1037 2234 1212 2309; x_wconf 83' lang='lat' dir='ltr'>certiorem</span> <span class='ocrx_word' id='word_1_173' title='bbox 1230 2236 1339 2326; x_wconf 77' lang='lat' dir='ltr'>iacere</span> <span class='ocrx_word' id='word_1_174' title='bbox 1356 2241 1431 2335; x_wconf 45' lang='lat' dir='ltr'>diga</span> 
     </span>
     <span class='ocr_line' id='line_1_20' title="bbox 220 2347 1432 2520; baseline 0.002 -20"><span class='ocrx_word' id='word_1_175' title='bbox 220 2347 350 2502; x_wconf 35' lang='lat' dir='ltr'>roffi}</span> <span class='ocrx_word' id='word_1_176' title='bbox 372 2425 577 2502; x_wconf 84' lang='lat' dir='ltr'>Medinerrsrr</span> <span class='ocrx_word' id='word_1_177' title='bbox 605 2424 722 2500; x_wconf 86' lang='lat' dir='ltr'>Laredi</span> <span class='ocrx_word' id='word_1_178' title='bbox 747 2425 820 2516; x_wconf 87' lang='lat' dir='ltr'>est,</span> <span class='ocrx_word' id='word_1_179' title='bbox 840 2425 990 2518; x_wconf 76' lang='lat' dir='ltr'>dicitque</span> <span class='ocrx_word' id='word_1_180' title='bbox 1011 2423 1094 2498; x_wconf 91' lang='lat' dir='ltr'><strong>mihi</strong></span> <span class='ocrx_word' id='word_1_181' title='bbox 1112 2425 1179 2498; x_wconf 93' lang='lat' dir='ltr'>hoc</span> <span class='ocrx_word' id='word_1_182' title='bbox 1197 2425 1335 2520; x_wconf 78' lang='lat' dir='ltr'>vespere</span> <span class='ocrx_word' id='word_1_183' title='bbox 1358 2424 1432 2520; x_wconf 73' lang='lat' dir='ltr'>ejus</span> 
     </span>
     <span class='ocr_line' id='line_1_21' title="bbox 218 2519 1430 2634; baseline 0.001 -39"><span class='ocrx_word' id='word_1_184' title='bbox 218 2520 328 2608; x_wconf 86' lang='lat' dir='ltr'>silius,</span> <span class='ocrx_word' id='word_1_185' title='bbox 350 2521 411 2634; x_wconf 77' lang='lat' dir='ltr'>qui</span> <span class='ocrx_word' id='word_1_186' title='bbox 424 2521 503 2594; x_wconf 86' lang='lat' dir='ltr'>inde</span> <span class='ocrx_word' id='word_1_187' title='bbox 527 2521 638 2632; x_wconf 81' lang='lat' dir='ltr'>venit,</span> <span class='ocrx_word' id='word_1_188' title='bbox 661 2519 844 2631; x_wconf 80' lang='lat' dir='ltr'>sperarese</span> <span class='ocrx_word' id='word_1_189' title='bbox 861 2537 1021 2632; x_wconf 36' lang='lat' dir='ltr'>extremo·</span> <span class='ocrx_word' id='word_1_190' title='bbox 1032 2519 1208 2595; x_wconf 82' lang='lat' dir='ltr'>Februario</span> <span class='ocrx_word' id='word_1_191' title='bbox 1224 2521 1299 2598; x_wconf 87' lang='lat' dir='ltr'>fore</span> <span class='ocrx_word' id='word_1_192' title='bbox 1318 2523 1430 2597; x_wconf 86' lang='lat' dir='ltr'><strong>omnia</strong></span> 
     </span>
     <span class='ocr_line' id='line_1_22' title="bbox 218 2615 1430 2820; baseline 0.002 -38"><span class='ocrx_word' id='word_1_193' title='bbox 218 2615 774 2819; x_wconf 55' lang='lat' dir='ltr'>carceralem&amp;</span> <span class='ocrx_word' id='word_1_194' title='bbox 796 2615 1430 2820; x_wconf 47' lang='lat' dir='ltr'>marraaailllaala</span> 
     </span>
     <span class='ocr_line' id='line_1_23' title="bbox 220 2801 1439 2898; baseline 0.004 -24"><span class='ocrx_word' id='word_1_195' title='bbox 220 2803 316 2875; x_wconf 79' lang='lat' dir='ltr'>labem</span> <span class='ocrx_word' id='word_1_196' title='bbox 345 2803 380 2876; x_wconf 89' lang='lat' dir='ltr'>se</span> <span class='ocrx_word' id='word_1_197' title='bbox 406 2803 628 2895; x_wconf 80' lang='lat' dir='ltr'>Amphtudim</span> <span class='ocrx_word' id='word_1_198' title='bbox 657 2802 776 2880; x_wconf 85' lang='lat' dir='ltr'>vestrae</span> <span class='ocrx_word' id='word_1_199' title='bbox 807 2810 910 2896; x_wconf 79' lang='lat' dir='ltr'><strong>quam</strong></span> <span class='ocrx_word' id='word_1_200' title='bbox 935 2801 1170 2879; x_wconf 75' lang='lat' dir='ltr'>officiocissime</span> <span class='ocrx_word' id='word_1_201' title='bbox 1197 2805 1297 2878; x_wconf 88' lang='lat' dir='ltr'>etiam</span> <span class='ocrx_word' id='word_1_202' title='bbox 1327 2822 1439 2898; x_wconf 48' lang='lat' dir='ltr'>atque*</span> 
     </span>
     <span class='ocr_line' id='line_1_24' title="bbox 220 2898 1429 2995; baseline 0.002 -23"><span class='ocrx_word' id='word_1_203' title='bbox 220 2898 320 2974; x_wconf 80' lang='lat' dir='ltr'>eriam</span> <span class='ocrx_word' id='word_1_204' title='bbox 347 2899 596 2990; x_wconf 57' lang='lat' dir='ltr'>commendant,</span> <span class='ocrx_word' id='word_1_205' title='bbox 638 2898 773 2991; x_wconf 88' lang='lat' dir='ltr'>Raptim</span> <span class='ocrx_word' id='word_1_206' title='bbox 802 2899 938 2974; x_wconf 89' lang='lat' dir='ltr'>Madriti</span> <span class='ocrx_word' id='word_1_207' title='bbox 959 2921 1019 2972; x_wconf 88' lang='lat'>22.</span> <span class='ocrx_word' id='word_1_208' title='bbox 1043 2899 1192 2995; x_wconf 82' lang='lat' dir='ltr'>Jmuarii</span> <span class='ocrx_word' id='word_1_209' title='bbox 1225 2919 1327 2993; x_wconf 81' lang='lat'><strong>1572.</strong></span> <span class='ocrx_word' id='word_1_210' title='bbox 1353 2901 1429 2974; x_wconf 89' lang='lat' dir='ltr'>stilo</span> 
     </span>
     <span class='ocr_line' id='line_1_25' title="bbox 221 2993 1431 3089; baseline 0.007 -27"><span class='ocrx_word' id='word_1_211' title='bbox 221 2993 405 3066; x_wconf 88' lang='lat' dir='ltr'>communi.</span> <span class='ocrx_word' id='word_1_212' title='bbox 445 2993 654 3068; x_wconf 86' lang='lat' dir='ltr'>Reverendae</span> <span class='ocrx_word' id='word_1_213' title='bbox 668 2993 907 3089; x_wconf 84' lang='lat' dir='ltr'>Amplitodiois</span> <span class='ocrx_word' id='word_1_214' title='bbox 929 2994 1047 3068; x_wconf 76' lang='lat' dir='ltr'>vestrae</span> <span class='ocrx_word' id='word_1_215' title='bbox 1068 2995 1279 3088; x_wconf 82' lang='lat' dir='ltr'>paratissimus</span> <span class='ocrx_word' id='word_1_216' title='bbox 1295 2996 1431 3070; x_wconf 87' lang='lat' dir='ltr'>servitor</span> 
     </span>
     <span class='ocr_line' id='line_1_26' title="bbox 221 3085 666 3182; baseline 0.013 -24"><span class='ocrx_word' id='word_1_217' title='bbox 221 3085 434 3182; x_wconf 66' lang='lat' dir='ltr'>loacrrrmos</span> <span class='ocrx_word' id='word_1_218' title='bbox 457 3087 666 3164; x_wconf 74' lang='lat' dir='ltr'>Homerios.</span> 
     </span>
    </p>
   </div>
   <div class='ocr_carea' id='block_1_9' title="bbox 423 3295 1233 3432">
    <p class='ocr_par' dir='ltr' id='par_1_10' title="bbox 423 3295 1233 3432">
     <span class='ocr_line' id='line_1_27' title="bbox 423 3295 1233 3432; baseline -0.004 -53"><span class='ocrx_word' id='word_1_219' title='bbox 423 3295 910 3432; x_wconf 54' lang='grc' dir='ltr'>ρΕΡΙΒΤΟΙαΑ-</span> <span class='ocrx_word' id='word_1_220' title='bbox 984 3299 1233 3382; x_wconf 69' lang='lat' dir='ltr'>cxliv..</span> 
     </span>
    </p>
   </div>
   <div class='ocr_carea' id='block_1_10' title="bbox 216 3509 1446 3860">
    <p class='ocr_par' dir='ltr' id='par_1_11' title="bbox 216 3509 1446 3860">
     <span class='ocr_line' id='line_1_28' title="bbox 268 3509 1431 3635; baseline 0.008 -40"><span class='ocrx_word' id='word_1_221' title='bbox 268 3513 395 3634; x_wconf 22' lang='lat' dir='ltr'>&#39;Aram</span> <span class='ocrx_word' id='word_1_222' title='bbox 425 3509 527 3634; x_wconf 66' lang='lat' dir='ltr'>Dua</span> <span class='ocrx_word' id='word_1_223' title='bbox 545 3509 719 3601; x_wconf 85' lang='lat' dir='ltr'>Albanus</span> <span class='ocrx_word' id='word_1_224' title='bbox 738 3513 783 3600; x_wconf 84' lang='lat' dir='ltr'>de</span> <span class='ocrx_word' id='word_1_225' title='bbox 801 3541 843 3598; x_wconf 78' lang='lat' dir='ltr'>re</span> <span class='ocrx_word' id='word_1_226' title='bbox 854 3513 1070 3628; x_wconf 78' lang='lat' dir='ltr'>graviffima</span> <span class='ocrx_word' id='word_1_227' title='bbox 1095 3539 1174 3602; x_wconf 82' lang='lat' dir='ltr'>com</span> <span class='ocrx_word' id='word_1_228' title='bbox 1194 3513 1324 3635; x_wconf 77' lang='lat' dir='ltr'>Vrglio</span> <span class='ocrx_word' id='word_1_229' title='bbox 1345 3541 1431 3604; x_wconf 64' lang='lat' dir='ltr'>core</span> 
     </span>
     <span class='ocr_line' id='line_1_29' title="bbox 216 3618 1446 3738; baseline 0.005 -34"><span class='ocrx_word' id='word_1_230' title='bbox 216 3618 299 3732; x_wconf 72' lang='lat' dir='ltr'>filia</span> <span class='ocrx_word' id='word_1_231' title='bbox 337 3645 607 3708; x_wconf 67' lang='lat' dir='ltr'>communicare</span> <span class='ocrx_word' id='word_1_232' title='bbox 626 3619 760 3738; x_wconf 73' lang='lat' dir='ltr'>jufflcs.</span> <span class='ocrx_word' id='word_1_233' title='bbox 815 3623 946 3714; x_wconf 83' lang='lat' dir='ltr'>Ducis</span> <span class='ocrx_word' id='word_1_234' title='bbox 981 3623 1218 3736; x_wconf 75' lang='lat' dir='ltr'>Medoensts</span> <span class='ocrx_word' id='word_1_235' title='bbox 1242 3623 1446 3736; x_wconf 71' lang='lat' dir='ltr'>professio</span> 
     </span>
     <span class='ocr_line' id='line_1_30' title="bbox 224 3727 804 3860; baseline 0.007 -48"><span class='ocrx_word' id='word_1_236' title='bbox 224 3728 373 3844; x_wconf 83' lang='lat' dir='ltr'>rursum</span> <span class='ocrx_word' id='word_1_237' title='bbox 389 3727 692 3842; x_wconf 71' lang='lat' dir='ltr'>procrastinata.</span> <span class='ocrx_word' id='word_1_238' title='bbox 788 3817 804 3860; x_wconf 46' lang='lat' dir='ltr'>x.</span> 
     </span>
    </p>
   </div>
   <div class='ocr_carea' id='block_1_11' title="bbox 142 4025 1431 4318">
    <p class='ocr_par' dir='ltr' id='par_1_12' title="bbox 142 4025 1431 4318">
     <span class='ocr_line' id='line_1_31' title="bbox 293 4025 1431 4127; baseline 0.011 -27"><span class='ocrx_word' id='word_1_239' title='bbox 293 4079 302 4100; x_wconf 89' lang='lat'><strong>.</strong></span> <span class='ocrx_word' id='word_1_240' title='bbox 325 4028 364 4100; x_wconf 83' lang='lat' dir='ltr'>P.</span> <span class='ocrx_word' id='word_1_241' title='bbox 396 4029 480 4104; x_wconf 84' lang='lat' dir='ltr'>Heri</span> <span class='ocrx_word' id='word_1_242' title='bbox 499 4029 683 4104; x_wconf 78' lang='lat' dir='ltr'>reverende</span> <span class='ocrx_word' id='word_1_243' title='bbox 707 4025 962 4125; x_wconf 75' lang='lat' dir='ltr'>Prosol&#39;accepi</span> <span class='ocrx_word' id='word_1_244' title='bbox 986 4029 1092 4106; x_wconf 81' lang='lat' dir='ltr'>literas</span> <span class='ocrx_word' id='word_1_245' title='bbox 1107 4029 1343 4127; x_wconf 82' lang='lat' dir='ltr'>Amplitudinir</span> <span class='ocrx_word' id='word_1_246' title='bbox 1356 4038 1431 4114; x_wconf 90' lang='lat' dir='ltr'>ves-</span> 
     </span>
     <span class='ocr_line' id='line_1_32' title="bbox 142 4121 1430 4224; baseline 0.015 -34"><span class='ocrx_word' id='word_1_247' title='bbox 142 4147 148 4160; x_wconf 91' lang='lat'><strong>·</strong></span> <span class='ocrx_word' id='word_1_248' title='bbox 222 4135 280 4190; x_wconf 86' lang='lat' dir='ltr'>trae</span> <span class='ocrx_word' id='word_1_249' title='bbox 295 4121 600 4200; x_wconf 81' lang='lat' dir='ltr'>XXV.&amp;XXV1.</span> <span class='ocrx_word' id='word_1_250' title='bbox 617 4123 790 4218; x_wconf 85' lang='lat' dir='ltr'>superioris</span> <span class='ocrx_word' id='word_1_251' title='bbox 806 4129 926 4202; x_wconf 87' lang='lat' dir='ltr'>mensis</span> <span class='ocrx_word' id='word_1_252' title='bbox 939 4128 1094 4217; x_wconf 57' lang='lat' dir='ltr'>daecaad</span> <span class='ocrx_word' id='word_1_253' title='bbox 1113 4149 1197 4224; x_wconf 81' lang='lat' dir='ltr'>quar</span> <span class='ocrx_word' id='word_1_254' title='bbox 1213 4146 1323 4204; x_wconf 85' lang='lat' dir='ltr'>tamen</span> <span class='ocrx_word' id='word_1_255' title='bbox 1338 4155 1430 4208; x_wconf 87' lang='lat' dir='ltr'>nuoc</span> 
     </span>
     <span class='ocr_line' id='line_1_33' title="bbox 222 4213 1429 4318; baseline 0.013 -34"><span class='ocrx_word' id='word_1_256' title='bbox 222 4230 292 4284; x_wconf 84' lang='lat' dir='ltr'>raon</span> <span class='ocrx_word' id='word_1_257' title='bbox 308 4213 544 4308; x_wconf 84' lang='lat' dir='ltr'>respondebo,</span> <span class='ocrx_word' id='word_1_258' title='bbox 565 4241 627 4315; x_wconf 89' lang='lat' dir='ltr'>per</span> <span class='ocrx_word' id='word_1_259' title='bbox 639 4217 804 4294; x_wconf 86' lang='lat' dir='ltr'>cursorem</span> <span class='ocrx_word' id='word_1_260' title='bbox 825 4221 919 4295; x_wconf 85' lang='lat' dir='ltr'>hunc</span> <span class='ocrx_word' id='word_1_261' title='bbox 936 4226 1253 4315; x_wconf 82' lang='lat' dir='ltr'>extraordinarium,</span> <span class='ocrx_word' id='word_1_262' title='bbox 1275 4228 1334 4318; x_wconf 88' lang='lat' dir='ltr'>qui</span> <span class='ocrx_word' id='word_1_263' title='bbox 1358 4231 1429 4300; x_wconf 73' lang='lat' dir='ltr'><strong>lito</strong></span> 
     </span>
    </p>
   </div>
   <div class='ocr_carea' id='block_1_12' title="bbox 209 4305 1559 4417">
    <p class='ocr_par' dir='ltr' id='par_1_13' title="bbox 209 4305 1559 4417">
     <span class='ocr_line' id='line_1_34' title="bbox 209 4305 1559 4417; baseline 0.015 -38"><span class='ocrx_word' id='word_1_264' title='bbox 209 4323 275 4380; x_wconf 82' lang='lat' dir='ltr'>¹ras</span> <span class='ocrx_word' id='word_1_265' title='bbox 294 4305 426 4384; x_wconf 90' lang='lat' dir='ltr'><strong>Cambii</strong></span> <span class='ocrx_word' id='word_1_266' title='bbox 443 4331 506 4406; x_wconf 84' lang='lat' dir='ltr'>pro</span> <span class='ocrx_word' id='word_1_267' title='bbox 524 4313 727 4392; x_wconf 86' lang='lat' dir='ltr'><strong>illustriliimo</strong></span> <span class='ocrx_word' id='word_1_268' title='bbox 751 4315 854 4392; x_wconf 86' lang='lat' dir='ltr'>Duce</span> <span class='ocrx_word' id='word_1_269' title='bbox 875 4319 1086 4413; x_wconf 62' lang='lat' dir='ltr'>porratpsed</span> <span class='ocrx_word' id='word_1_270' title='bbox 1109 4342 1169 4416; x_wconf 93' lang='lat' dir='ltr'>per</span> <span class='ocrx_word' id='word_1_271' title='bbox 1184 4321 1358 4394; x_wconf 84' lang='lat' dir='ltr'>dominum</span> <span class='ocrx_word' id='word_1_272' title='bbox 1383 4313 1463 4417; x_wconf 56' lang='lat' dir='ltr'>def</span> <span class='ocrx_word' id='word_1_273' title='bbox 1556 4307 1559 4317; x_wconf 70' lang='grc'><strong>’</strong></span> 
     </span>
    </p>
   </div>
   <div class='ocr_carea' id='block_1_13' title="bbox 0 0 1883 5140">
    <p class='ocr_par' dir='ltr' id='par_1_14' title="bbox 0 0 1883 5140">
     <span class='ocr_line' id='line_1_35' title="bbox 0 0 1883 5140; baseline 0 0"><span class='ocrx_word' id='word_1_274' title='bbox 0 0 1883 5140; x_wconf 95' lang='lat' dir='ltr'> </span> 
     </span>
    </p>
   </div>
  </div>
 </body>
</html>
