3736 5142
253 589 339 683 nn
357 585 600 678 nemum
620 605 680 672 n
700 582 909 675 sumn
926 581 1281 684 zmcnnnrnn,
1314 619 1398 715 233

209 747 422 844 *catalogum
437 746 599 820 librorum
613 741 763 837 2accepi,
786 741 824 817 dt
852 764 931 818 cum
954 741 1022 817 aliis
1046 741 1196 840 jungam.
1245 751 1399 852 Rescrin
1501 795 1504 804 =

165 858 247 922 turn
264 842 463 922 illustriffimi
479 841 584 916 Ducis
599 838 698 933 super
721 841 935 933 praepofitura
948 839 1061 914 Sancti
1078 839 1223 914 Bavonis
1249 847 1317 923 dcc.
1336 873 1397 925 ve-

168 944 242 1030 nit,
266 943 303 1016 &
321 939 371 1015 est
388 944 552 1032 perquam
568 935 780 1026 favorabile3
802 937 950 1030 ideoque
966 937 1071 1029 prima
1087 937 1253 1013 audientia
1270 965 1322 1020 res
1336 969 1394 1021 ex·

90 1029 94 1036 ’
169 1040 338 1133 pedietur.
385 1037 511 1108 Literas
534 1031 776 1125 Amplitudinis
798 1031 915 1106 vellrae
947 1034 991 1105 ad
1017 1033 1153 1126 Regem
1178 1037 1315 1114 reddam
1336 1043 1392 1138 ep,
1534 1139 1541 1160 ¹

170 1135 208 1206 se
254 1136 313 1204 ubi
328 1131 470 1205 venerit.

217 1187 280 1302 ’De
299 1223 544 1318 episcopatibus
562 1223 658 1314 quod
679 1219 877 1316 Amplitudo
894 1215 1002 1296 vestra
1014 1225 1099 1299 mihi
1117 1221 1307 1321 perseniam,
1331 1253 1391 1308 cu-

174 1345 222 1398 rae
237 1323 393 1411 habebo,
424 1320 461 1392 ἃ
482 1318 577 1390 fimul
595 1334 654 1406 ut,
685 1319 754 1392 sive
773 1319 982 1411 Cayas‚live
1001 1321 1175 1397 Antonius
1197 1326 1392 1417 Perenne-

172 1421 303 1513 gotium
326 1411 565 1512 ilntplitudinis
591 1413 704 1487 vestrae
725 1418 764 1490 fit
782 1415 999 1503 metaturus,
1022 1417 1066 1490 de
1088 1421 1179 1492 bona
1200 1437 1280 1495 nota
1297 1444 1390 1498 com-

170 1517 360 1588 mendetur.
407 1510 559 1605 Uterque
584 1510 676 1583 enirn
700 1511 826 1586 almicus
852 1517 924 1600 est3
963 1512 1177 1592 excusatione
1212 1533 1252 1591 ut
1280 1521 1391 1613 aliqua

169 1611 375 1703 Amplitudo
392 1609 498 1682 vestra
512 1607 600 1702 apud
616 1627 672 1681 tne
690 1623 823 1696 utatur,
839 1607 882 1681 de
899 1608 1023 1697 literis,
1046 1626 1084 1682 ut
1101 1615 1166 1704 ait,
1189 1615 1389 1706 rarioribus,

166 1706 247 1780 nihil
270 1707 347 1782 sane
368 1703 418 1780 est
445 1727 555 1800 opus,·
577 1704 680 1796 quia,
703 1709 782 1778 cum
808 1704 941 1794 omnia,
964 1723 1036 1780 tum
1058 1707 1143 1782 illud
1167 1711 1224 1783 vel
1241 1714 1387 1786 maxime

165 1802 392 1896 Amplitudini
409 1801 527 1874 vestrae
544 1799 682 1884 debeo,
704 1801 800 1890 quod
818 1814 886 1868 tant
909 1802 1084 1891 diligenter
1100 1807 1144 1876 de
1164 1808 1322 1884 omuibus
1342 1809 1388 1883 ad

9 1921 41 1938 ’·
164 1917 221 1971 me
239 1899 382 1970 scribere
403 1894 571 1986 dignene.

209 1991 368 2066 Uxorem
399 1987 437 2059 dc
460 1989 607 2075 liberos,
639 2003 870 2080 generumque
895 2002 973 2056 curn
1000 2001 1133 2075 uxore,
1165 1989 1251 2061 bene
1277 1993 1389 2066 valere

163 2089 333 2181 gaudeo,
370 2081 645 2176 &exipsorum
677 2083 774 2156 etiam
800 2081 902 2152 liten's
932 2081 1105 2171 cognovi,
1135 2081 1179 2154 de
1202 2082 1388 2160 Barballnii

163 2199 297 2273 morte,
318 2183 378 2255 vel
393 2179 492 2272 ipsius
509 2193 578 2248 mm
594 2177 750 2249 honorati
767 2173 913 2270 Collegii
937 2173 1032 2246 caula
1051 2176 1174 2264 doleo,
1197 2181 1293 2280 quod
1314 2203 1386 2258 non

163 2279 274 2346 video
303 2275 481 2366 quomodo
504 2290 594 2344 nunc
614 2270 699 2343 stare
724 2271 862 2364 amplius
890 2269 999 2364 poffit.
1046 2269 1167 2366 Capite
1192 2277 1227 2348 in
1252 2277 1324 2368 ipso
1347 2281 1386 2355 dt

162 2369 332 2462 pedibus,
363 2371 398 2442 in
424 2369 627 2442 Mamerano
652 2364 690 2438 &
712 2367 810 2456 aliis,
842 2367 969 2460 aliquot
995 2369 1198 2443 notabilibus
1227 2375 1387 2455 membris

161 2466 304 2556 putridis
329 2465 457 2635 emilie}
503 2463 597 2540 Beue
613 2463 710 2554 vale,
733 2463 940 2539 Reverende
960 2463 1083 2540 Praesul
1106 2486 1145 2539 ac
1160 2467 1306 2544 Patrone
1324 2473 1385 2545 26.

185 2561 464 2637 fflmwu

159 2559 185 2658 J
208 2585 337 2754 Acceppi
356 2661 464 2733 literas
482 2658 696 2734 dominorum
714 2657 855 2733 Confilii
870 2656 973 2731 nostri
987 2657 1103 2733 secreti
1120 2659 1220 2753 super
1243 2665 1384 2758 negotio

159 2753 337 2828 Michaelis
356 2755 400 2830 de
414 2754 700 2845 'Camenicmd
715 2775 796 2849 quas
817 2773 909 2829 nunt
927 2771 989 2846 per
1005 2757 1165 2848 temporis
1187 2759 1384 2834 brevitatem

159 2871 234 2924 non
262 2852 392 2944 polium
415 2851 642 2946 respondere3
662 2851 721 2925 sed
747 2851 867 2924 faciam
895 2850 1071 2945 diligenter
1097 2871 1160 2944 per
1191 2853 1385 2948 proximum

157 2945 355 3034 cursorem„
391 2949 470 3022 Nec
496 2949 594 3022 restat
619 2969 711 3020 nunc
729 2947 819 3019 aliud
833 2949 869 3019 in
889 2967 933 3020 eo
953 2949 1114 3041 negotio,
1136 2949 1211 3043 post
1225 2951 1384 3026 Alcaldo·

155 3059 235 3114 rum
252 3061 386 3136 magnas
400 3063 532 3132 moras,
547 3047 650 3138 quam
668 3058 707 3119 ut
721 3063 793 3116 rem
810 3043 1069 3132 concludamus,
1087 3043 1124 3117 dc
1143 3046 1185 3118 ad
1200 3045 1290 3119 suam
1309 3047 1384 3120 Ma-

154 3133 307 3305 ieelimem
331 3137 376 3212 de
398 3160 439 3214 ea
465 3138 659 3215 referamus.
706 3139 799 3214 Nam
830 3138 958 3214 leolum
980 3140 1040 3217 vix
1071 3140 1207 3220 undem
1231 3141 1380 3220 absoluta

316 3444 787 3533 EPiSTOLA
883 3449 1177 3536 LXXVI.

209 3667 334 3754 Ano.
371 3661 422 3751 In
443 3665 570 3756 lr'rrrine
606 3665 790 3782 Epistola
821 3667 987 3777 privata
1018 3667 1159 3778 aliqua.
1196 3671 1375 3778 ,Gratia

152 3773 356 3864 Generalis
375 3800 466 3864 eone
508 3805 543 3864 ro
586 3779 709 3864 dilata
745 3775 962 3884 tantisper,
1002 3779 1088 3861 dum
1122 3775 1376 3888 responfirml

151 3885 299 4002 Belgio
334 3913 382 3976 rx
395 3911 445 4001 pe
480 3909 587 3975 atur.
653 3881 921 3996 Controoarfia
960 3884 1183 4007 ¹Anglieono
1216 3887 1375 3975 neodem

142 3999 289 4110 stira.
383 4005 461 4088 ires
489 4001 551 4086 Re
578 3995 627 4082 ire
658 3999 699 4084 in
731 3992 863 4084 Gallie
889 3991 1052 4108 auersae,
1081 3996 1374 4101 &Geminiani

204 4113 349 4197 aereriei
376 4113 449 4199 'am
478 4113 522 4200 T
515 4141 535 4200 r
552 4139 572 4197 o
589 4112 678 4200 anis
706 4107 967 4204 imminenter,
997 4105 1206 4198 Navarrir
1234 4115 1374 4202 Arro-

182 4142 437 4416 onerfibnfqbue
456 4224 637 4312 minares.
692 4221 840 4308 Mauri
871 4219 911 4307 in
938 4217 1132 4335 ffsponia
1154 4227 1370 4336 perduelles.

146 4243 379 4438 §cornero
420 4333 604 4444 Andria,
633 4331 684 4436 &⁹
704 4359 784 4420 rum
816 4358 857 4420 eo
881 4356 955 4418 non
980 4335 1247 4423 contemnenda
1274 4335 1370 4422 mili-

14 4547 15 4552 Ν
151 4459 235 4526 rum
252 4467 415 4560 Imauus,
445 4443 531 4556 infir
553 4447 698 4536 obviarn
721 4441 820 4559 ruffi.
875 4443 1004 4645 gegis
1021 4445 1166 4559 nuptia
1188 4439 1371 4553 cerrisu·
