<?xml version="1.0" encoding="UTF-8"?>
<!DOCTYPE html PUBLIC "-//W3C//DTD XHTML 1.0 Transitional//EN"
    "http://www.w3.org/TR/xhtml1/DTD/xhtml1-transitional.dtd">
<html xmlns="http://www.w3.org/1999/xhtml" xml:lang="en" lang="en">
 <head>
  <title>
</title>
<meta http-equiv="Content-Type" content="text/html;charset=utf-8" />
  <meta name='ocr-system' content='tesseract 3.04.00' />
  <meta name='ocr-capabilities' content='ocr_page ocr_carea ocr_par ocr_line ocrx_word'/>
</head>
<body>
  <div class='ocr_page' id='page_1' title='image "./jhopperifrisiie00hoppgoog_0190.png"; bbox 0 0 3746 5142; ppageno 0'>
   <div class='ocr_carea' id='block_1_1' title="bbox 458 496 1553 634">
    <p class='ocr_par' dir='ltr' id='par_1_1' title="bbox 458 496 1553 634">
     <span class='ocr_line' id='line_1_1' title="bbox 458 496 1553 634; baseline -0.007 -24"><span class='ocrx_word' id='word_1_1' title='bbox 458 511 546 634; x_wconf 77' lang='lat'>176</span> <span class='ocrx_word' id='word_1_2' title='bbox 584 513 897 633; x_wconf 81' lang='lat' dir='ltr'>Jononrrrr</span> <span class='ocrx_word' id='word_1_3' title='bbox 933 496 1553 606; x_wconf 77' lang='lat' dir='ltr'>norrunr&#39;nrrsronn</span> 
     </span>
    </p>
   </div>
   <div class='ocr_carea' id='block_1_2' title="bbox 347 668 1683 4239">
    <p class='ocr_par' dir='ltr' id='par_1_2' title="bbox 349 668 1683 2205">
     <span class='ocr_line' id='line_1_2' title="bbox 456 668 1683 766; baseline -0.002 -14"><span class='ocrx_word' id='word_1_4' title='bbox 456 680 504 752; x_wconf 91' lang='lat' dir='ltr'>ob</span> <span class='ocrx_word' id='word_1_5' title='bbox 520 677 699 766; x_wconf 87' lang='lat' dir='ltr'>morbum,</span> <span class='ocrx_word' id='word_1_6' title='bbox 722 670 932 760; x_wconf 83' lang='lat' dir='ltr'>substitisset,</span> <span class='ocrx_word' id='word_1_7' title='bbox 953 670 994 746; x_wconf 73' lang='lat' dir='ltr'>bt</span> <span class='ocrx_word' id='word_1_8' title='bbox 1006 670 1041 744; x_wconf 89' lang='lat' dir='ltr'>se</span> <span class='ocrx_word' id='word_1_9' title='bbox 1059 668 1124 763; x_wconf 86' lang='lat' dir='ltr'>iam</span> <span class='ocrx_word' id='word_1_10' title='bbox 1138 670 1323 761; x_wconf 82' lang='lat' dir='ltr'>refecisset,</span> <span class='ocrx_word' id='word_1_11' title='bbox 1336 670 1519 766; x_wconf 74' lang='lat' dir='ltr'>&#39;profectus</span> <span class='ocrx_word' id='word_1_12' title='bbox 1536 673 1585 748; x_wconf 88' lang='lat' dir='ltr'>est</span> <span class='ocrx_word' id='word_1_13' title='bbox 1601 675 1683 750; x_wconf 88' lang='lat' dir='ltr'>inde</span> 
     </span>
     <span class='ocr_line' id='line_1_3' title="bbox 455 767 1682 863; baseline 0 -16"><span class='ocrx_word' id='word_1_14' title='bbox 455 775 619 848; x_wconf 91' lang='lat' dir='ltr'>Loretum</span> <span class='ocrx_word' id='word_1_15' title='bbox 642 771 687 844; x_wconf 85' lang='lat' dir='ltr'>ad</span> <span class='ocrx_word' id='word_1_16' title='bbox 704 769 815 843; x_wconf 88' lang='lat' dir='ltr'>Mare.</span> <span class='ocrx_word' id='word_1_17' title='bbox 862 767 969 842; x_wconf 88' lang='lat' dir='ltr'><strong>Unde</strong></span> <span class='ocrx_word' id='word_1_18' title='bbox 995 767 1039 842; x_wconf 90' lang='lat' dir='ltr'>ad</span> <span class='ocrx_word' id='word_1_19' title='bbox 1065 785 1129 840; x_wconf 85' lang='lat' dir='ltr'>nos</span> <span class='ocrx_word' id='word_1_20' title='bbox 1152 770 1317 844; x_wconf 80' lang='lat' dir='ltr'>continuo</span> <span class='ocrx_word' id='word_1_21' title='bbox 1340 769 1464 854; x_wconf 88' lang='lat' dir='ltr'>rediit,</span> <span class='ocrx_word' id='word_1_22' title='bbox 1495 775 1682 863; x_wconf 70' lang='lat' dir='ltr'>praetexens</span> 
     </span>
     <span class='ocr_line' id='line_1_4' title="bbox 455 860 1681 960; baseline -0.001 -19"><span class='ocrx_word' id='word_1_23' title='bbox 455 868 568 949; x_wconf 88' lang='lat' dir='ltr'>nescio</span> <span class='ocrx_word' id='word_1_24' title='bbox 585 865 669 958; x_wconf 89' lang='lat' dir='ltr'>quid</span> <span class='ocrx_word' id='word_1_25' title='bbox 687 864 866 940; x_wconf 78' lang='lat' dir='ltr'>demntia</span> <span class='ocrx_word' id='word_1_26' title='bbox 884 864 995 959; x_wconf 83' lang='lat' dir='ltr'>piratis</span> <span class='ocrx_word' id='word_1_27' title='bbox 1011 860 1155 952; x_wconf 85' lang='lat' dir='ltr'>infesto,</span> <span class='ocrx_word' id='word_1_28' title='bbox 1177 865 1273 958; x_wconf 92' lang='lat' dir='ltr'>quod</span> <span class='ocrx_word' id='word_1_29' title='bbox 1294 863 1364 942; x_wconf 85' lang='lat' dir='ltr'>aliis</span> <span class='ocrx_word' id='word_1_30' title='bbox 1389 863 1512 953; x_wconf 88' lang='lat' dir='ltr'>risum,</span> <span class='ocrx_word' id='word_1_31' title='bbox 1535 869 1594 960; x_wconf 81' lang='lat' dir='ltr'>qui</span> <span class='ocrx_word' id='word_1_32' title='bbox 1611 889 1681 941; x_wconf 88' lang='lat' dir='ltr'>rna·</span> 
     </span>
     <span class='ocr_line' id='line_1_5' title="bbox 455 959 1681 1056; baseline -0.002 -15"><span class='ocrx_word' id='word_1_33' title='bbox 455 987 493 1042; x_wconf 87' lang='lat' dir='ltr'>re</span> <span class='ocrx_word' id='word_1_34' title='bbox 511 963 632 1038; x_wconf 86' lang='lat' dir='ltr'>vidisse</span> <span class='ocrx_word' id='word_1_35' title='bbox 646 963 743 1036; x_wconf 92' lang='lat' dir='ltr'>illum</span> <span class='ocrx_word' id='word_1_36' title='bbox 757 963 795 1036; x_wconf 77' lang='lat' dir='ltr'>bt</span> <span class='ocrx_word' id='word_1_37' title='bbox 813 960 935 1056; x_wconf 82' lang='lat' dir='ltr'>fugisse</span> <span class='ocrx_word' id='word_1_38' title='bbox 951 960 1067 1050; x_wconf 90' lang='lat' dir='ltr'>aiunt,</span> <span class='ocrx_word' id='word_1_39' title='bbox 1089 959 1173 1035; x_wconf 90' lang='lat' dir='ltr'>mihi</span> <span class='ocrx_word' id='word_1_40' title='bbox 1191 963 1305 1055; x_wconf 91' lang='lat' dir='ltr'>aliquo</span> <span class='ocrx_word' id='word_1_41' title='bbox 1326 961 1431 1034; x_wconf 91' lang='lat' dir='ltr'>modo</span> <span class='ocrx_word' id='word_1_42' title='bbox 1447 960 1546 1035; x_wconf 90' lang='lat' dir='ltr'>bilem</span> <span class='ocrx_word' id='word_1_43' title='bbox 1565 964 1601 1036; x_wconf 71' lang='grc' dir='ltr'>ἀ</span> <span class='ocrx_word' id='word_1_44' title='bbox 1617 964 1681 1038; x_wconf 82' lang='lat' dir='ltr'>do</span> 
     </span>
     <span class='ocr_line' id='line_1_6' title="bbox 453 1056 1656 1232; baseline -0.004 -96"><span class='ocrx_word' id='word_1_45' title='bbox 453 1061 561 1232; x_wconf 53' lang='lat' dir='ltr'>lorgi}</span> <span class='ocrx_word' id='word_1_46' title='bbox 582 1057 712 1150; x_wconf 90' lang='lat' dir='ltr'>movit,</span> <span class='ocrx_word' id='word_1_47' title='bbox 736 1061 784 1133; x_wconf 91' lang='lat' dir='ltr'>ob</span> <span class='ocrx_word' id='word_1_48' title='bbox 808 1079 862 1132; x_wconf 79' lang='lat' dir='ltr'>res</span> <span class='ocrx_word' id='word_1_49' title='bbox 879 1077 993 1148; x_wconf 80' lang='lat' dir='ltr'>meas3</span> <span class='ocrx_word' id='word_1_50' title='bbox 1016 1056 1053 1130; x_wconf 76' lang='lat' dir='ltr'>bt</span> <span class='ocrx_word' id='word_1_51' title='bbox 1076 1059 1269 1151; x_wconf 85' lang='lat' dir='ltr'>pudorem,</span> <span class='ocrx_word' id='word_1_52' title='bbox 1292 1059 1338 1132; x_wconf 93' lang='lat' dir='ltr'>ob</span> <span class='ocrx_word' id='word_1_53' title='bbox 1368 1077 1422 1130; x_wconf 82' lang='lat' dir='ltr'>ree</span> <span class='ocrx_word' id='word_1_54' title='bbox 1439 1057 1562 1152; x_wconf 85' lang='lat' dir='ltr'>Regias</span> <span class='ocrx_word' id='word_1_55' title='bbox 1589 1061 1656 1134; x_wconf 88' lang='lat' dir='ltr'>mal</span> 
     </span>
     <span class='ocr_line' id='line_1_7' title="bbox 478 1177 1677 1234; baseline 0.001 -4"><span class='ocrx_word' id='word_1_56' title='bbox 478 1177 498 1230; x_wconf 90' lang='lat' dir='ltr'>e</span> <span class='ocrx_word' id='word_1_57' title='bbox 563 1215 572 1234; x_wconf 90' lang='lat'>.</span> <span class='ocrx_word' id='word_1_58' title='bbox 1646 1197 1649 1204; x_wconf 43' lang='lat'><strong>⁴</strong></span> <span class='ocrx_word' id='word_1_59' title='bbox 1673 1217 1677 1231; x_wconf 92' lang='lat'>.</span> 
     </span>
     <span class='ocr_line' id='line_1_8' title="bbox 453 1177 1680 1352; baseline -0.004 -23"><span class='ocrx_word' id='word_1_60' title='bbox 453 1177 479 1310; x_wconf 53' lang='lat' dir='ltr'>g</span> <span class='ocrx_word' id='word_1_61' title='bbox 502 1256 589 1352; x_wconf 81' lang='lat' dir='ltr'>Quis</span> <span class='ocrx_word' id='word_1_62' title='bbox 611 1253 815 1350; x_wconf 77' lang='lat' dir='ltr'>iudiciorum</span> <span class='ocrx_word' id='word_1_63' title='bbox 846 1254 956 1328; x_wconf 84' lang='lat' dir='ltr'>exitus</span> <span class='ocrx_word' id='word_1_64' title='bbox 979 1251 1077 1326; x_wconf 87' lang='lat' dir='ltr'>isthic</span> <span class='ocrx_word' id='word_1_65' title='bbox 1097 1252 1232 1328; x_wconf 85' lang='lat' dir='ltr'>futurus</span> <span class='ocrx_word' id='word_1_66' title='bbox 1247 1251 1308 1338; x_wconf 85' lang='lat' dir='ltr'>stt,</span> <span class='ocrx_word' id='word_1_67' title='bbox 1326 1233 1474 1344; x_wconf 80' lang='lat' dir='ltr'>¹manime</span> <span class='ocrx_word' id='word_1_68' title='bbox 1497 1250 1597 1326; x_wconf 86' lang='lat' dir='ltr'>rebus</span> <span class='ocrx_word' id='word_1_69' title='bbox 1613 1262 1680 1324; x_wconf 86' lang='lat' dir='ltr'>tam</span> 
     </span>
     <span class='ocr_line' id='line_1_9' title="bbox 453 1345 1682 1442; baseline -0.004 -17"><span class='ocrx_word' id='word_1_70' title='bbox 453 1353 680 1442; x_wconf 87' lang='lat' dir='ltr'>ttubulentis,</span> <span class='ocrx_word' id='word_1_71' title='bbox 705 1351 804 1424; x_wconf 84' lang='lat' dir='ltr'>vald&#39;e</span> <span class='ocrx_word' id='word_1_72' title='bbox 831 1348 1060 1442; x_wconf 78' lang='lat' dir='ltr'>expectamus.</span> <span class='ocrx_word' id='word_1_73' title='bbox 1107 1350 1140 1420; x_wconf 93' lang='lat' dir='ltr'><strong>E</strong></span> <span class='ocrx_word' id='word_1_74' title='bbox 1164 1369 1202 1422; x_wconf 91' lang='lat' dir='ltr'>rc</span> <span class='ocrx_word' id='word_1_75' title='bbox 1225 1348 1304 1419; x_wconf 74' lang='lat' dir='ltr'>sane</span> <span class='ocrx_word' id='word_1_76' title='bbox 1321 1345 1508 1434; x_wconf 85' lang='lat' dir='ltr'>videretur,</span> <span class='ocrx_word' id='word_1_77' title='bbox 1532 1349 1586 1422; x_wconf 92' lang='lat' dir='ltr'>vel</span> <span class='ocrx_word' id='word_1_78' title='bbox 1610 1363 1682 1420; x_wconf 89' lang='lat' dir='ltr'>tan·</span> 
     </span>
     <span class='ocr_line' id='line_1_10' title="bbox 450 1439 1680 1536; baseline -0.004 -15"><span class='ocrx_word' id='word_1_79' title='bbox 450 1449 531 1521; x_wconf 89' lang='lat' dir='ltr'>dem</span> <span class='ocrx_word' id='word_1_80' title='bbox 548 1448 591 1518; x_wconf 89' lang='lat' dir='ltr'>ad</span> <span class='ocrx_word' id='word_1_81' title='bbox 612 1467 653 1517; x_wconf 88' lang='lat' dir='ltr'>ea</span> <span class='ocrx_word' id='word_1_82' title='bbox 670 1465 748 1536; x_wconf 84' lang='lat' dir='ltr'>quae</span> <span class='ocrx_word' id='word_1_83' title='bbox 764 1443 907 1516; x_wconf 81' lang='lat' dir='ltr'><strong>lenitatis</strong></span> <span class='ocrx_word' id='word_1_84' title='bbox 926 1441 1275 1528; x_wconf 72' lang='lat' dir='ltr'>sunr&amp;clementiae,</span> <span class='ocrx_word' id='word_1_85' title='bbox 1298 1439 1427 1513; x_wconf 86' lang='lat' dir='ltr'>venire.</span> <span class='ocrx_word' id='word_1_86' title='bbox 1447 1499 1450 1506; x_wconf 90' lang='lat'>.</span> <span class='ocrx_word' id='word_1_87' title='bbox 1476 1443 1575 1518; x_wconf 79' lang='lat' dir='ltr'>Dixit</span> <span class='ocrx_word' id='word_1_88' title='bbox 1597 1443 1680 1516; x_wconf 85' lang='lat' dir='ltr'>milri</span> 
     </span>
     <span class='ocr_line' id='line_1_11' title="bbox 349 1533 1679 1630; baseline -0.002 -18"><span class='ocrx_word' id='word_1_89' title='bbox 349 1535 357 1552; x_wconf 84' lang='lat'>&#39;</span> <span class='ocrx_word' id='word_1_90' title='bbox 453 1541 564 1630; x_wconf 84' lang='lat' dir='ltr'>Cayas</span> <span class='ocrx_word' id='word_1_91' title='bbox 583 1539 810 1624; x_wconf 76' lang='lat' dir='ltr'>secretarius,</span> <span class='ocrx_word' id='word_1_92' title='bbox 833 1537 1009 1607; x_wconf 90' lang='lat' dir='ltr'>dominum</span> <span class='ocrx_word' id='word_1_93' title='bbox 1034 1536 1172 1608; x_wconf 86' lang='lat' dir='ltr'>Ducem</span> <span class='ocrx_word' id='word_1_94' title='bbox 1197 1533 1375 1625; x_wconf 86' lang='lat' dir='ltr'>scripsisse,</span> <span class='ocrx_word' id='word_1_95' title='bbox 1400 1535 1529 1628; x_wconf 86' lang='lat' dir='ltr'>sperare</span> <span class='ocrx_word' id='word_1_96' title='bbox 1555 1540 1589 1615; x_wconf 92' lang='lat' dir='ltr'>se</span> <span class='ocrx_word' id='word_1_97' title='bbox 1616 1540 1679 1611; x_wconf 90' lang='lat' dir='ltr'>hac</span> 
     </span>
     <span class='ocr_line' id='line_1_12' title="bbox 447 1629 1681 1720; baseline 0.005 -16"><span class='ocrx_word' id='word_1_98' title='bbox 447 1633 558 1708; x_wconf 72' lang='lat' dir='ltr'>allate</span> <span class='ocrx_word' id='word_1_99' title='bbox 576 1630 794 1717; x_wconf 72' lang='lat' dir='ltr'>effecturum,</span> <span class='ocrx_word' id='word_1_100' title='bbox 817 1649 965 1720; x_wconf 91' lang='lat' dir='ltr'>eumque</span> <span class='ocrx_word' id='word_1_101' title='bbox 984 1629 1139 1700; x_wconf 78' lang='lat' dir='ltr'>ordinem</span> <span class='ocrx_word' id='word_1_102' title='bbox 1155 1629 1253 1701; x_wconf 87' lang='lat' dir='ltr'>rebus</span> <span class='ocrx_word' id='word_1_103' title='bbox 1269 1629 1446 1720; x_wconf 87' lang='lat' dir='ltr'>daturum,</span> <span class='ocrx_word' id='word_1_104' title='bbox 1464 1648 1503 1704; x_wconf 89' lang='lat' dir='ltr'>or</span> <span class='ocrx_word' id='word_1_105' title='bbox 1522 1639 1591 1712; x_wconf 77' lang='lat' dir='ltr'>ruri</span> <span class='ocrx_word' id='word_1_106' title='bbox 1614 1639 1681 1712; x_wconf 86' lang='lat' dir='ltr'>uir·</span> 
     </span>
     <span class='ocr_line' id='line_1_13' title="bbox 448 1718 1449 1824; baseline -0.003 -22"><span class='ocrx_word' id='word_1_107' title='bbox 448 1729 533 1824; x_wconf 75' lang='lat' dir='ltr'>guli</span> <span class='ocrx_word' id='word_1_108' title='bbox 552 1729 588 1801; x_wconf 91' lang='lat' dir='ltr'>in</span> <span class='ocrx_word' id='word_1_109' title='bbox 614 1726 784 1820; x_wconf 90' lang='lat' dir='ltr'>posterum</span> <span class='ocrx_word' id='word_1_110' title='bbox 812 1723 884 1817; x_wconf 89' lang='lat' dir='ltr'>regi</span> <span class='ocrx_word' id='word_1_111' title='bbox 901 1721 1034 1817; x_wconf 88' lang='lat' dir='ltr'>possint.</span> <span class='ocrx_word' id='word_1_112' title='bbox 1060 1723 1168 1819; x_wconf 90' lang='lat' dir='ltr'>Quod</span> <span class='ocrx_word' id='word_1_113' title='bbox 1181 1723 1227 1796; x_wconf 82' lang='lat' dir='ltr'>ita</span> <span class='ocrx_word' id='word_1_114' title='bbox 1242 1718 1327 1796; x_wconf 80' lang='lat' dir='ltr'>faxit</span> <span class='ocrx_word' id='word_1_115' title='bbox 1340 1725 1449 1810; x_wconf 87' lang='lat' dir='ltr'>Deus.</span> 
     </span>
     <span class='ocr_line' id='line_1_14' title="bbox 451 1818 1681 1914; baseline 0.002 -18"><span class='ocrx_word' id='word_1_116' title='bbox 451 1885 455 1896; x_wconf 83' lang='grc'>.</span> <span class='ocrx_word' id='word_1_117' title='bbox 496 1825 552 1897; x_wconf 92' lang='lat' dir='ltr'>De</span> <span class='ocrx_word' id='word_1_118' title='bbox 566 1820 893 1896; x_wconf 83' lang='lat' dir='ltr'>Mansseldiiredim</span> <span class='ocrx_word' id='word_1_119' title='bbox 908 1819 1005 1892; x_wconf 85' lang='lat' dir='ltr'>etiam</span> <span class='ocrx_word' id='word_1_120' title='bbox 1017 1818 1076 1892; x_wconf 89' lang='lat' dir='ltr'>hic</span> <span class='ocrx_word' id='word_1_121' title='bbox 1094 1818 1342 1894; x_wconf 83' lang='lat' dir='ltr'>audiveramus.</span> <span class='ocrx_word' id='word_1_122' title='bbox 1359 1885 1365 1902; x_wconf 86' lang='grc'>,</span> <span class='ocrx_word' id='word_1_123' title='bbox 1388 1820 1593 1914; x_wconf 80' lang='lat' dir='ltr'>Scripsrtquc</span> <span class='ocrx_word' id='word_1_124' title='bbox 1609 1821 1681 1898; x_wconf 88' lang='lat' dir='ltr'>huc</span> 
     </span>
     <span class='ocr_line' id='line_1_15' title="bbox 432 1913 1679 2014; baseline 0.003 -23"><span class='ocrx_word' id='word_1_125' title='bbox 432 1919 591 2014; x_wconf 67' lang='lat' dir='ltr'>‘quoque</span> <span class='ocrx_word' id='word_1_126' title='bbox 618 1917 734 1990; x_wconf 88' lang='lat' dir='ltr'>adme</span> <span class='ocrx_word' id='word_1_127' title='bbox 761 1915 899 1986; x_wconf 86' lang='lat' dir='ltr'>domina</span> <span class='ocrx_word' id='word_1_128' title='bbox 914 1913 1053 1988; x_wconf 86' lang='lat' dir='ltr'>Ducilsa</span> <span class='ocrx_word' id='word_1_129' title='bbox 1072 1914 1115 1985; x_wconf 91' lang='lat' dir='ltr'>de</span> <span class='ocrx_word' id='word_1_130' title='bbox 1140 1913 1265 1987; x_wconf 84' lang='lat' dir='ltr'>itineris</span> <span class='ocrx_word' id='word_1_131' title='bbox 1288 1913 1326 1986; x_wconf 78' lang='lat' dir='ltr'>be</span> <span class='ocrx_word' id='word_1_132' title='bbox 1341 1929 1537 1991; x_wconf 83' lang='lat' dir='ltr'>caeterarum</span> <span class='ocrx_word' id='word_1_133' title='bbox 1565 1939 1679 1996; x_wconf 87' lang='lat' dir='ltr'>rerum</span> 
     </span>
     <span class='ocr_line' id='line_1_16' title="bbox 450 2009 1680 2110; baseline -0.002 -20"><span class='ocrx_word' id='word_1_134' title='bbox 450 2015 544 2090; x_wconf 81' lang='lat' dir='ltr'>felici</span> <span class='ocrx_word' id='word_1_135' title='bbox 559 2011 727 2104; x_wconf 79' lang='lat' dir='ltr'>successu3</span> <span class='ocrx_word' id='word_1_136' title='bbox 749 2011 879 2104; x_wconf 87' lang='lat' dir='ltr'>quade</span> <span class='ocrx_word' id='word_1_137' title='bbox 901 2031 938 2082; x_wconf 89' lang='lat' dir='ltr'>re</span> <span class='ocrx_word' id='word_1_138' title='bbox 958 2009 1211 2102; x_wconf 79' lang='lat' dir='ltr'>congratulatus</span> <span class='ocrx_word' id='word_1_139' title='bbox 1230 2009 1276 2084; x_wconf 91' lang='lat' dir='ltr'>illi</span> <span class='ocrx_word' id='word_1_140' title='bbox 1293 2011 1367 2100; x_wconf 82' lang='lat' dir='ltr'>sum</span> <span class='ocrx_word' id='word_1_141' title='bbox 1383 2013 1590 2106; x_wconf 68' lang='lat' dir='ltr'>perrierus,</span> <span class='ocrx_word' id='word_1_142' title='bbox 1608 2017 1680 2110; x_wconf 87' lang='lat' dir='ltr'>egi-</span> 
     </span>
     <span class='ocr_line' id='line_1_17' title="bbox 450 2105 1296 2205; baseline -0.005 -19"><span class='ocrx_word' id='word_1_143' title='bbox 450 2132 520 2205; x_wconf 85' lang='lat' dir='ltr'>que</span> <span class='ocrx_word' id='word_1_144' title='bbox 539 2110 679 2204; x_wconf 79' lang='lat' dir='ltr'>gratias,</span> <span class='ocrx_word' id='word_1_145' title='bbox 702 2107 798 2202; x_wconf 88' lang='lat' dir='ltr'>quod</span> <span class='ocrx_word' id='word_1_146' title='bbox 812 2105 882 2178; x_wconf 92' lang='lat' dir='ltr'>mei</span> <span class='ocrx_word' id='word_1_147' title='bbox 895 2109 1078 2180; x_wconf 86' lang='lat' dir='ltr'>etiamnum</span> <span class='ocrx_word' id='word_1_148' title='bbox 1097 2105 1296 2182; x_wconf 74' lang='lat' dir='ltr'>meminerit</span> 
     </span>
    </p>

    <p class='ocr_par' dir='ltr' id='par_1_3' title="bbox 347 2200 1677 4239">
     <span class='ocr_line' id='line_1_18' title="bbox 496 2200 1676 2302; baseline 0.002 -21"><span class='ocrx_word' id='word_1_149' title='bbox 496 2210 667 2302; x_wconf 84' lang='lat' dir='ltr'>Aggacum</span> <span class='ocrx_word' id='word_1_150' title='bbox 678 2206 751 2280; x_wconf 85' lang='lat' dir='ltr'>stne</span> <span class='ocrx_word' id='word_1_151' title='bbox 770 2201 852 2278; x_wconf 88' lang='lat' dir='ltr'>scitu</span> <span class='ocrx_word' id='word_1_152' title='bbox 870 2200 984 2276; x_wconf 87' lang='lat' dir='ltr'>vestro</span> <span class='ocrx_word' id='word_1_153' title='bbox 999 2203 1035 2276; x_wconf 92' lang='lat' dir='ltr'>in</span> <span class='ocrx_word' id='word_1_154' title='bbox 1050 2201 1182 2274; x_wconf 87' lang='lat' dir='ltr'>Frisiam</span> <span class='ocrx_word' id='word_1_155' title='bbox 1201 2203 1393 2296; x_wconf 74' lang='lat' dir='ltr'>profectum</span> <span class='ocrx_word' id='word_1_156' title='bbox 1411 2204 1566 2282; x_wconf 85' lang='lat' dir='ltr'>demiror.</span> <span class='ocrx_word' id='word_1_157' title='bbox 1606 2209 1676 2283; x_wconf 89' lang='lat' dir='ltr'>Mi·</span> 
     </span>
     <span class='ocr_line' id='line_1_19' title="bbox 448 2298 1673 2395; baseline -0.001 -13"><span class='ocrx_word' id='word_1_158' title='bbox 448 2305 547 2382; x_wconf 87' lang='lat' dir='ltr'>rabor</span> <span class='ocrx_word' id='word_1_159' title='bbox 562 2305 643 2377; x_wconf 87' lang='lat' dir='ltr'>irem</span> <span class='ocrx_word' id='word_1_160' title='bbox 658 2323 747 2378; x_wconf 87' lang='lat' dir='ltr'>anne</span> <span class='ocrx_word' id='word_1_161' title='bbox 766 2299 802 2374; x_wconf 91' lang='lat' dir='ltr'>in</span> <span class='ocrx_word' id='word_1_162' title='bbox 817 2298 1036 2376; x_wconf 84' lang='lat' dir='ltr'>Germaniam</span> <span class='ocrx_word' id='word_1_163' title='bbox 1053 2299 1185 2372; x_wconf 86' lang='lat' dir='ltr'>rediens</span> <span class='ocrx_word' id='word_1_164' title='bbox 1200 2298 1303 2375; x_wconf 86' lang='lat' dir='ltr'>isthac</span> <span class='ocrx_word' id='word_1_165' title='bbox 1320 2303 1381 2374; x_wconf 88' lang='lat' dir='ltr'>iter</span> <span class='ocrx_word' id='word_1_166' title='bbox 1394 2303 1435 2394; x_wconf 78' lang='lat' dir='ltr'>srt</span> <span class='ocrx_word' id='word_1_167' title='bbox 1450 2303 1619 2395; x_wconf 75' lang='lat' dir='ltr'>facturus,</span> <span class='ocrx_word' id='word_1_168' title='bbox 1635 2307 1673 2382; x_wconf 77' lang='lat' dir='ltr'>or</span> 
     </span>
     <span class='ocr_line' id='line_1_20' title="bbox 450 2395 1677 2495; baseline 0.002 -21"><span class='ocrx_word' id='word_1_169' title='bbox 450 2402 545 2495; x_wconf 90' lang='lat' dir='ltr'>quod</span> <span class='ocrx_word' id='word_1_170' title='bbox 569 2399 612 2472; x_wconf 90' lang='lat' dir='ltr'>de</span> <span class='ocrx_word' id='word_1_171' title='bbox 629 2397 698 2472; x_wconf 87' lang='lat' dir='ltr'>vita</span> <span class='ocrx_word' id='word_1_172' title='bbox 713 2399 842 2492; x_wconf 89' lang='lat' dir='ltr'>privata</span> <span class='ocrx_word' id='word_1_173' title='bbox 859 2397 996 2490; x_wconf 82' lang='lat' dir='ltr'>cogitat.</span> <span class='ocrx_word' id='word_1_174' title='bbox 1043 2395 1129 2469; x_wconf 92' lang='lat' dir='ltr'>Non</span> <span class='ocrx_word' id='word_1_175' title='bbox 1143 2395 1216 2468; x_wconf 87' lang='lat' dir='ltr'>satis</span> <span class='ocrx_word' id='word_1_176' title='bbox 1232 2396 1359 2486; x_wconf 90' lang='lat' dir='ltr'>video,</span> <span class='ocrx_word' id='word_1_177' title='bbox 1381 2403 1558 2492; x_wconf 90' lang='lat' dir='ltr'>quomodo</span> <span class='ocrx_word' id='word_1_178' title='bbox 1573 2403 1677 2478; x_wconf 82' lang='lat' dir='ltr'>rebus</span> 
     </span>
     <span class='ocr_line' id='line_1_21' title="bbox 448 2491 1677 2588; baseline -0.002 -15"><span class='ocrx_word' id='word_1_179' title='bbox 448 2511 497 2573; x_wconf 83' lang='lat' dir='ltr'>ex</span> <span class='ocrx_word' id='word_1_180' title='bbox 515 2511 601 2570; x_wconf 91' lang='lat' dir='ltr'>voto</span> <span class='ocrx_word' id='word_1_181' title='bbox 620 2493 736 2568; x_wconf 88' lang='lat' dir='ltr'>nostro</span> <span class='ocrx_word' id='word_1_182' title='bbox 752 2491 1034 2581; x_wconf 84' lang='lat' dir='ltr'>succedentibus,</span> <span class='ocrx_word' id='word_1_183' title='bbox 1056 2493 1153 2583; x_wconf 92' lang='lat' dir='ltr'>quod</span> <span class='ocrx_word' id='word_1_184' title='bbox 1171 2491 1359 2585; x_wconf 79' lang='lat' dir='ltr'>speramus,</span> <span class='ocrx_word' id='word_1_185' title='bbox 1379 2511 1437 2567; x_wconf 89' lang='lat' dir='ltr'>aut</span> <span class='ocrx_word' id='word_1_186' title='bbox 1451 2516 1518 2588; x_wconf 70' lang='lat' dir='ltr'>noe</span> <span class='ocrx_word' id='word_1_187' title='bbox 1531 2497 1597 2588; x_wconf 81' lang='lat' dir='ltr'>illi,</span> <span class='ocrx_word' id='word_1_188' title='bbox 1615 2513 1677 2571; x_wconf 86' lang='lat' dir='ltr'>aur</span> 
     </span>
     <span class='ocr_line' id='line_1_22' title="bbox 442 2586 1674 2685; baseline -0.003 -15"><span class='ocrx_word' id='word_1_189' title='bbox 442 2593 508 2670; x_wconf 75' lang='lat' dir='ltr'>&#39;ille</span> <span class='ocrx_word' id='word_1_190' title='bbox 535 2591 633 2668; x_wconf 85' lang='lat' dir='ltr'>nobis</span> <span class='ocrx_word' id='word_1_191' title='bbox 653 2591 784 2683; x_wconf 87' lang='lat' dir='ltr'>placere</span> <span class='ocrx_word' id='word_1_192' title='bbox 807 2591 928 2682; x_wconf 71' lang='lat' dir='ltr'>polin,</span> <span class='ocrx_word' id='word_1_193' title='bbox 951 2589 1012 2664; x_wconf 89' lang='lat' dir='ltr'>nist</span> <span class='ocrx_word' id='word_1_194' title='bbox 1037 2586 1128 2663; x_wconf 77' lang='lat' dir='ltr'>sorte</span> <span class='ocrx_word' id='word_1_195' title='bbox 1155 2590 1240 2664; x_wconf 86' lang='lat' dir='ltr'>alius</span> <span class='ocrx_word' id='word_1_196' title='bbox 1264 2589 1330 2685; x_wconf 86' lang='lat' dir='ltr'>jam</span> <span class='ocrx_word' id='word_1_197' title='bbox 1346 2587 1454 2666; x_wconf 66' lang='lat' dir='ltr'>fistus</span> <span class='ocrx_word' id='word_1_198' title='bbox 1478 2593 1545 2683; x_wconf 87' lang='lat' dir='ltr'>est,</span> <span class='ocrx_word' id='word_1_199' title='bbox 1566 2609 1607 2668; x_wconf 92' lang='lat' dir='ltr'>ut</span> <span class='ocrx_word' id='word_1_200' title='bbox 1622 2595 1674 2674; x_wconf 84' lang='lat' dir='ltr'>est</span> 
     </span>
     <span class='ocr_line' id='line_1_23' title="bbox 448 2685 1673 2865; baseline -0.011 -102"><span class='ocrx_word' id='word_1_201' title='bbox 448 2690 589 2865; x_wconf 45' lang='grc' dir='ltr'>Ἠῶ</span> <span class='ocrx_word' id='word_1_202' title='bbox 604 2708 675 2764; x_wconf 90' lang='lat' dir='ltr'>oon</span> <span class='ocrx_word' id='word_1_203' title='bbox 694 2685 837 2762; x_wconf 92' lang='lat' dir='ltr'>omnino</span> <span class='ocrx_word' id='word_1_204' title='bbox 853 2685 1016 2762; x_wconf 88' lang='lat' dir='ltr'>immobili</span> <span class='ocrx_word' id='word_1_205' title='bbox 1041 2707 1052 2759; x_wconf 82' lang='lat' dir='ltr'>a</span> <span class='ocrx_word' id='word_1_206' title='bbox 1076 2706 1272 2780; x_wconf 88' lang='lat' dir='ltr'>quanquam</span> <span class='ocrx_word' id='word_1_207' title='bbox 1289 2687 1327 2761; x_wconf 86' lang='lat' dir='ltr'>id</span> <span class='ocrx_word' id='word_1_208' title='bbox 1345 2687 1428 2762; x_wconf 91' lang='lat' dir='ltr'>mihi</span> <span class='ocrx_word' id='word_1_209' title='bbox 1448 2710 1520 2766; x_wconf 86' lang='lat' dir='ltr'>non</span> <span class='ocrx_word' id='word_1_210' title='bbox 1543 2690 1673 2787; x_wconf 67' lang='lat' dir='ltr'>persua.</span> 
     </span>
     <span class='ocr_line' id='line_1_24' title="bbox 493 2879 1674 2983; baseline 0.001 -23"><span class='ocrx_word' id='word_1_211' title='bbox 493 2885 587 2983; x_wconf 86' lang='lat' dir='ltr'>Quae</span> <span class='ocrx_word' id='word_1_212' title='bbox 604 2884 648 2958; x_wconf 90' lang='lat' dir='ltr'>de</span> <span class='ocrx_word' id='word_1_213' title='bbox 675 2882 865 2958; x_wconf 79' lang='lat' dir='ltr'>secretariis</span> <span class='ocrx_word' id='word_1_214' title='bbox 892 2881 1012 2956; x_wconf 82' lang='lat' dir='ltr'>nostris</span> <span class='ocrx_word' id='word_1_215' title='bbox 1029 2881 1067 2955; x_wconf 79' lang='lat' dir='ltr'>bc</span> <span class='ocrx_word' id='word_1_216' title='bbox 1084 2879 1283 2956; x_wconf 82' lang='lat' dir='ltr'>nomitatim</span> <span class='ocrx_word' id='word_1_217' title='bbox 1301 2880 1347 2956; x_wconf 91' lang='lat' dir='ltr'>de</span> <span class='ocrx_word' id='word_1_218' title='bbox 1364 2883 1591 2977; x_wconf 85' lang='lat' dir='ltr'>Vanderano,</span> <span class='ocrx_word' id='word_1_219' title='bbox 1613 2907 1674 2980; x_wconf 80' lang='lat' dir='ltr'>op</span> 
     </span>
     <span class='ocr_line' id='line_1_25' title="bbox 445 2977 1673 3075; baseline -0.001 -18"><span class='ocrx_word' id='word_1_220' title='bbox 445 2983 533 3057; x_wconf 88' lang='lat' dir='ltr'>timo</span> <span class='ocrx_word' id='word_1_221' title='bbox 553 2983 590 3056; x_wconf 78' lang='lat' dir='ltr'>bt</span> <span class='ocrx_word' id='word_1_222' title='bbox 612 2980 799 3056; x_wconf 76' lang='lat' dir='ltr'>amicissimo</span> <span class='ocrx_word' id='word_1_223' title='bbox 823 2979 921 3067; x_wconf 87' lang='lat' dir='ltr'>viru,</span> <span class='ocrx_word' id='word_1_224' title='bbox 944 2978 1012 3074; x_wconf 85' lang='lat' dir='ltr'>jam</span> <span class='ocrx_word' id='word_1_225' title='bbox 1040 2979 1214 3071; x_wconf 83' lang='lat' dir='ltr'>aliquoties</span> <span class='ocrx_word' id='word_1_226' title='bbox 1240 2977 1284 3050; x_wconf 91' lang='lat' dir='ltr'>ad</span> <span class='ocrx_word' id='word_1_227' title='bbox 1302 3000 1359 3052; x_wconf 90' lang='lat' dir='ltr'>me</span> <span class='ocrx_word' id='word_1_228' title='bbox 1380 2983 1582 3075; x_wconf 84' lang='lat' dir='ltr'>Amplitudo</span> <span class='ocrx_word' id='word_1_229' title='bbox 1598 2983 1673 3056; x_wconf 89' lang='lat' dir='ltr'>ves·</span> 
     </span>
     <span class='ocr_line' id='line_1_26' title="bbox 445 3074 1673 3172; baseline -0.001 -21"><span class='ocrx_word' id='word_1_230' title='bbox 445 3093 499 3151; x_wconf 86' lang='lat' dir='ltr'>tra</span> <span class='ocrx_word' id='word_1_231' title='bbox 512 3077 717 3170; x_wconf 78' lang='lat' dir='ltr'>perscripsit,</span> <span class='ocrx_word' id='word_1_232' title='bbox 740 3077 941 3172; x_wconf 89' lang='lat' dir='ltr'>procuravi,</span> <span class='ocrx_word' id='word_1_233' title='bbox 964 3094 1004 3150; x_wconf 91' lang='lat' dir='ltr'>ut</span> <span class='ocrx_word' id='word_1_234' title='bbox 1015 3075 1143 3165; x_wconf 86' lang='lat' dir='ltr'>debui,</span> <span class='ocrx_word' id='word_1_235' title='bbox 1168 3074 1362 3169; x_wconf 80' lang='lat' dir='ltr'>diligenter,</span> <span class='ocrx_word' id='word_1_236' title='bbox 1385 3097 1454 3150; x_wconf 89' lang='lat' dir='ltr'>non</span> <span class='ocrx_word' id='word_1_237' title='bbox 1470 3076 1579 3150; x_wconf 89' lang='lat' dir='ltr'>verbis</span> <span class='ocrx_word' id='word_1_238' title='bbox 1596 3097 1673 3150; x_wconf 90' lang='lat' dir='ltr'>mo·</span> 
     </span>
     <span class='ocr_line' id='line_1_27' title="bbox 444 3169 1675 3268; baseline 0.005 -22"><span class='ocrx_word' id='word_1_239' title='bbox 444 3173 496 3246; x_wconf 85' lang='lat' dir='ltr'>db</span> <span class='ocrx_word' id='word_1_240' title='bbox 513 3171 570 3244; x_wconf 89' lang='lat' dir='ltr'>sed</span> <span class='ocrx_word' id='word_1_241' title='bbox 591 3173 628 3246; x_wconf 80' lang='lat' dir='ltr'>be</span> <span class='ocrx_word' id='word_1_242' title='bbox 650 3173 787 3268; x_wconf 80' lang='lat' dir='ltr'>scriptis.</span> <span class='ocrx_word' id='word_1_243' title='bbox 834 3173 914 3247; x_wconf 84' lang='lat' dir='ltr'>Nec</span> <span class='ocrx_word' id='word_1_244' title='bbox 934 3171 1025 3250; x_wconf 88' lang='lat' dir='ltr'>aliud</span> <span class='ocrx_word' id='word_1_245' title='bbox 1042 3171 1204 3246; x_wconf 73' lang='lat' dir='ltr'>hactenus</span> <span class='ocrx_word' id='word_1_246' title='bbox 1220 3169 1349 3261; x_wconf 87' lang='lat' dir='ltr'>obstat,</span> <span class='ocrx_word' id='word_1_247' title='bbox 1370 3193 1443 3266; x_wconf 89' lang='lat' dir='ltr'>quo</span> <span class='ocrx_word' id='word_1_248' title='bbox 1464 3172 1578 3246; x_wconf 79' lang='lat' dir='ltr'>minus</span> <span class='ocrx_word' id='word_1_249' title='bbox 1595 3195 1675 3268; x_wconf 91' lang='lat' dir='ltr'>per·</span> 
     </span>
     <span class='ocr_line' id='line_1_28' title="bbox 446 3267 1675 3362; baseline 0.003 -20"><span class='ocrx_word' id='word_1_250' title='bbox 446 3267 576 3342; x_wconf 84' lang='lat' dir='ltr'>ficiatur</span> <span class='ocrx_word' id='word_1_251' title='bbox 592 3269 690 3359; x_wconf 90' lang='lat' dir='ltr'>quod</span> <span class='ocrx_word' id='word_1_252' title='bbox 707 3271 885 3358; x_wconf 90' lang='lat' dir='ltr'>volumus,</span> <span class='ocrx_word' id='word_1_253' title='bbox 907 3276 1012 3362; x_wconf 80' lang='lat' dir='ltr'>quim</span> <span class='ocrx_word' id='word_1_254' title='bbox 1030 3269 1127 3360; x_wconf 90' lang='lat' dir='ltr'>quod</span> <span class='ocrx_word' id='word_1_255' title='bbox 1151 3271 1233 3343; x_wconf 86' lang='lat' dir='ltr'>Rex</span> <span class='ocrx_word' id='word_1_256' title='bbox 1251 3283 1357 3340; x_wconf 90' lang='lat' dir='ltr'>totum</span> <span class='ocrx_word' id='word_1_257' title='bbox 1376 3271 1443 3342; x_wconf 92' lang='lat' dir='ltr'>hoc</span> <span class='ocrx_word' id='word_1_258' title='bbox 1458 3288 1569 3362; x_wconf 84' lang='lat' dir='ltr'>genus</span> <span class='ocrx_word' id='word_1_259' title='bbox 1588 3271 1675 3346; x_wconf 90' lang='lat' dir='ltr'>libe·</span> 
     </span>
     <span class='ocr_line' id='line_1_29' title="bbox 444 3361 1673 3460; baseline 0.002 -24"><span class='ocrx_word' id='word_1_260' title='bbox 444 3361 580 3436; x_wconf 68' lang='lat' dir='ltr'>nimiis</span> <span class='ocrx_word' id='word_1_261' title='bbox 593 3363 629 3434; x_wconf 90' lang='lat' dir='ltr'>in</span> <span class='ocrx_word' id='word_1_262' title='bbox 642 3362 887 3455; x_wconf 74' lang='lat' dir='ltr'>prosectionem</span> <span class='ocrx_word' id='word_1_263' title='bbox 905 3365 997 3438; x_wconf 86' lang='lat' dir='ltr'>suam</span> <span class='ocrx_word' id='word_1_264' title='bbox 1015 3365 1146 3458; x_wconf 87' lang='lat' dir='ltr'>semper</span> <span class='ocrx_word' id='word_1_265' title='bbox 1168 3365 1312 3454; x_wconf 78' lang='lat' dir='ltr'>distulit3</span> <span class='ocrx_word' id='word_1_266' title='bbox 1335 3363 1372 3436; x_wconf 74' lang='lat' dir='ltr'>bt</span> <span class='ocrx_word' id='word_1_267' title='bbox 1388 3365 1483 3458; x_wconf 88' lang='lat' dir='ltr'>quod</span> <span class='ocrx_word' id='word_1_268' title='bbox 1505 3365 1568 3440; x_wconf 88' lang='lat' dir='ltr'>suo</span> <span class='ocrx_word' id='word_1_269' title='bbox 1585 3381 1673 3460; x_wconf 83' lang='lat' dir='ltr'>tern-</span> 
     </span>
     <span class='ocr_line' id='line_1_30' title="bbox 445 3459 1674 3557; baseline 0.005 -23"><span class='ocrx_word' id='word_1_270' title='bbox 445 3477 554 3554; x_wconf 90' lang='lat' dir='ltr'>pore,</span> <span class='ocrx_word' id='word_1_271' title='bbox 577 3479 658 3532; x_wconf 90' lang='lat' dir='ltr'>cum</span> <span class='ocrx_word' id='word_1_272' title='bbox 683 3459 839 3548; x_wconf 91' lang='lat' dir='ltr'>illorum,</span> <span class='ocrx_word' id='word_1_273' title='bbox 869 3475 944 3532; x_wconf 88' lang='lat' dir='ltr'>turn</span> <span class='ocrx_word' id='word_1_274' title='bbox 968 3463 1122 3534; x_wconf 89' lang='lat' dir='ltr'>omnium</span> <span class='ocrx_word' id='word_1_275' title='bbox 1147 3465 1207 3557; x_wconf 94' lang='lat' dir='ltr'>qui</span> <span class='ocrx_word' id='word_1_276' title='bbox 1236 3462 1325 3534; x_wconf 90' lang='lat' dir='ltr'>bene</span> <span class='ocrx_word' id='word_1_277' title='bbox 1353 3481 1576 3554; x_wconf 85' lang='lat' dir='ltr'>meruerunt,</span> <span class='ocrx_word' id='word_1_278' title='bbox 1599 3464 1674 3540; x_wconf 89' lang='lat' dir='ltr'>dili·</span> 
     </span>
     <span class='ocr_line' id='line_1_31' title="bbox 443 3553 1671 3670; baseline 0.001 -36"><span class='ocrx_word' id='word_1_279' title='bbox 443 3571 583 3670; x_wconf 83' lang='lat' dir='ltr'>gentem</span> <span class='ocrx_word' id='word_1_280' title='bbox 610 3553 771 3628; x_wconf 85' lang='lat' dir='ltr'>rationem</span> <span class='ocrx_word' id='word_1_281' title='bbox 793 3554 829 3628; x_wconf 87' lang='lat' dir='ltr'>se</span> <span class='ocrx_word' id='word_1_282' title='bbox 851 3555 1044 3632; x_wconf 86' lang='lat' dir='ltr'>habiturum</span> <span class='ocrx_word' id='word_1_283' title='bbox 1078 3557 1168 3632; x_wconf 89' lang='lat' dir='ltr'>dicit.</span> <span class='ocrx_word' id='word_1_284' title='bbox 1216 3559 1271 3631; x_wconf 86' lang='lat' dir='ltr'>Ac</span> <span class='ocrx_word' id='word_1_285' title='bbox 1305 3579 1501 3653; x_wconf 85' lang='lat' dir='ltr'>quanquam</span> <span class='ocrx_word' id='word_1_286' title='bbox 1534 3561 1671 3652; x_wconf 87' lang='lat' dir='ltr'>quidem</span> 
     </span>
     <span class='ocr_line' id='line_1_32' title="bbox 445 3651 1672 3750; baseline 0 -20"><span class='ocrx_word' id='word_1_287' title='bbox 445 3677 511 3750; x_wconf 75' lang='lat' dir='ltr'>ram</span> <span class='ocrx_word' id='word_1_288' title='bbox 538 3670 588 3728; x_wconf 89' lang='lat' dir='ltr'>ter</span> <span class='ocrx_word' id='word_1_289' title='bbox 612 3654 648 3727; x_wconf 91' lang='lat' dir='ltr'>in</span> <span class='ocrx_word' id='word_1_290' title='bbox 663 3651 805 3726; x_wconf 90' lang='lat' dir='ltr'>eandem</span> <span class='ocrx_word' id='word_1_291' title='bbox 821 3651 1016 3729; x_wconf 86' lang='lat' dir='ltr'>sententiam</span> <span class='ocrx_word' id='word_1_292' title='bbox 1039 3655 1233 3750; x_wconf 90' lang='lat' dir='ltr'>respondit,</span> <span class='ocrx_word' id='word_1_293' title='bbox 1263 3676 1334 3729; x_wconf 91' lang='lat' dir='ltr'>non</span> <span class='ocrx_word' id='word_1_294' title='bbox 1361 3657 1512 3734; x_wconf 83' lang='lat' dir='ltr'>omittam</span> <span class='ocrx_word' id='word_1_295' title='bbox 1537 3675 1672 3750; x_wconf 75' lang='lat' dir='ltr'>nmen,</span> 
     </span>
     <span class='ocr_line' id='line_1_33' title="bbox 444 3749 1479 3850; baseline 0.002 -22"><span class='ocrx_word' id='word_1_296' title='bbox 444 3753 532 3847; x_wconf 91' lang='lat' dir='ltr'>quin</span> <span class='ocrx_word' id='word_1_297' title='bbox 547 3751 698 3846; x_wconf 73' lang='lat' dir='ltr'>proximi</span> <span class='ocrx_word' id='word_1_298' title='bbox 714 3749 886 3826; x_wconf 88' lang='lat' dir='ltr'>occasrone</span> <span class='ocrx_word' id='word_1_299' title='bbox 903 3769 1058 3850; x_wconf 79' lang='lat' dir='ltr'>quartum</span> <span class='ocrx_word' id='word_1_300' title='bbox 1070 3751 1160 3830; x_wconf 88' lang='lat' dir='ltr'>idem</span> <span class='ocrx_word' id='word_1_301' title='bbox 1178 3749 1327 3846; x_wconf 84' lang='lat' dir='ltr'>officium</span> <span class='ocrx_word' id='word_1_302' title='bbox 1344 3751 1479 3830; x_wconf 75' lang='lat' dir='ltr'>neimo.</span> 
     </span>
     <span class='ocr_line' id='line_1_34' title="bbox 355 3847 1672 3948; baseline -0.002 -20"><span class='ocrx_word' id='word_1_303' title='bbox 355 3876 358 3884; x_wconf 88' lang='lat'>·</span> <span class='ocrx_word' id='word_1_304' title='bbox 492 3849 550 3928; x_wconf 86' lang='lat' dir='ltr'>De</span> <span class='ocrx_word' id='word_1_305' title='bbox 566 3847 800 3944; x_wconf 81' lang='lat' dir='ltr'>Amplitudine</span> <span class='ocrx_word' id='word_1_306' title='bbox 817 3847 925 3926; x_wconf 82' lang='lat' dir='ltr'>vestra</span> <span class='ocrx_word' id='word_1_307' title='bbox 950 3851 1034 3926; x_wconf 89' lang='lat' dir='ltr'>nihil</span> <span class='ocrx_word' id='word_1_308' title='bbox 1057 3871 1151 3926; x_wconf 93' lang='lat' dir='ltr'>nunc</span> <span class='ocrx_word' id='word_1_309' title='bbox 1177 3849 1312 3940; x_wconf 83' lang='lat' dir='ltr'>dicam,</span> <span class='ocrx_word' id='word_1_310' title='bbox 1334 3852 1612 3948; x_wconf 88' lang='lat' dir='ltr'>quandoquidem</span> <span class='ocrx_word' id='word_1_311' title='bbox 1627 3869 1672 3926; x_wconf 80' lang='lat' dir='ltr'>ex</span> 
     </span>
     <span class='ocr_line' id='line_1_35' title="bbox 444 3939 1671 4046; baseline 0.007 -36"><span class='ocrx_word' id='word_1_312' title='bbox 444 3939 667 4032; x_wconf 82' lang='lat' dir='ltr'>superioribus</span> <span class='ocrx_word' id='word_1_313' title='bbox 683 3947 766 4018; x_wconf 87' lang='lat' dir='ltr'>meis</span> <span class='ocrx_word' id='word_1_314' title='bbox 781 3947 881 4020; x_wconf 83' lang='lat' dir='ltr'>literis</span> <span class='ocrx_word' id='word_1_315' title='bbox 893 3969 966 4046; x_wconf 87' lang='lat' dir='ltr'>rerp</span> <span class='ocrx_word' id='word_1_316' title='bbox 981 3969 1119 4021; x_wconf 89' lang='lat' dir='ltr'>omnem</span> <span class='ocrx_word' id='word_1_317' title='bbox 1134 3946 1309 4041; x_wconf 74' lang='lat' dir='ltr'>cognovit.</span> <span class='ocrx_word' id='word_1_318' title='bbox 1327 3947 1415 4019; x_wconf 87' lang='lat' dir='ltr'>illud</span> <span class='ocrx_word' id='word_1_319' title='bbox 1434 3947 1551 4022; x_wconf 86' lang='lat' dir='ltr'>addam</span> <span class='ocrx_word' id='word_1_320' title='bbox 1568 3950 1671 4020; x_wconf 91' lang='lat' dir='ltr'>dum·</span> 
     </span>
     <span class='ocr_line' id='line_1_36' title="bbox 347 4039 1671 4132; baseline 0.004 -22"><span class='ocrx_word' id='word_1_321' title='bbox 347 4057 351 4078; x_wconf 88' lang='lat'><strong>·</strong></span> <span class='ocrx_word' id='word_1_322' title='bbox 439 4047 554 4120; x_wconf 70' lang='lat' dir='ltr'>terat,</span> <span class='ocrx_word' id='word_1_323' title='bbox 576 4039 673 4127; x_wconf 87' lang='lat' dir='ltr'>quod</span> <span class='ocrx_word' id='word_1_324' title='bbox 692 4041 802 4130; x_wconf 76' lang='lat' dir='ltr'>Cayas</span> <span class='ocrx_word' id='word_1_325' title='bbox 819 4043 942 4114; x_wconf 87' lang='lat' dir='ltr'>abhinc</span> <span class='ocrx_word' id='word_1_326' title='bbox 957 4043 1105 4116; x_wconf 90' lang='lat' dir='ltr'>triduum</span> <span class='ocrx_word' id='word_1_327' title='bbox 1123 4063 1165 4115; x_wconf 83' lang='lat' dir='ltr'>err</span> <span class='ocrx_word' id='word_1_328' title='bbox 1184 4045 1285 4118; x_wconf 87' lang='lat' dir='ltr'>literis</span> <span class='ocrx_word' id='word_1_329' title='bbox 1301 4043 1574 4132; x_wconf 70' lang='lat' dir='ltr'>domnionem,</span> <span class='ocrx_word' id='word_1_330' title='bbox 1593 4041 1671 4117; x_wconf 89' lang='lat' dir='ltr'>His-</span> 
     </span>
     <span class='ocr_line' id='line_1_37' title="bbox 443 4128 1672 4239; baseline 0.019 -42"><span class='ocrx_word' id='word_1_331' title='bbox 443 4128 562 4239; x_wconf 69' lang='lat' dir='ltr'>panico</span> <span class='ocrx_word' id='word_1_332' title='bbox 584 4131 628 4200; x_wconf 90' lang='lat' dir='ltr'>ad</span> <span class='ocrx_word' id='word_1_333' title='bbox 650 4132 787 4221; x_wconf 84' lang='lat' dir='ltr'>Regem</span> <span class='ocrx_word' id='word_1_334' title='bbox 805 4134 954 4227; x_wconf 83' lang='lat' dir='ltr'>scriptis,</span> <span class='ocrx_word' id='word_1_335' title='bbox 977 4135 1060 4209; x_wconf 87' lang='lat' dir='ltr'>milri</span> <span class='ocrx_word' id='word_1_336' title='bbox 1089 4139 1223 4230; x_wconf 88' lang='lat' dir='ltr'>retulit,</span> <span class='ocrx_word' id='word_1_337' title='bbox 1246 4139 1378 4234; x_wconf 89' lang='lat' dir='ltr'>ipsum,</span> <span class='ocrx_word' id='word_1_338' title='bbox 1400 4137 1563 4234; x_wconf 89' lang='lat' dir='ltr'>quicquid</span> <span class='ocrx_word' id='word_1_339' title='bbox 1582 4140 1672 4220; x_wconf 73' lang='lat' dir='ltr'>bene</span> 
     </span>
    </p>
   </div>
   <div class='ocr_carea' id='block_1_3' title="bbox 443 4221 1807 4332">
    <p class='ocr_par' dir='ltr' id='par_1_4' title="bbox 443 4221 1807 4332">
     <span class='ocr_line' id='line_1_38' title="bbox 443 4221 1807 4332; baseline 0.01 -33"><span class='ocrx_word' id='word_1_340' title='bbox 443 4223 538 4306; x_wconf 83' lang='lat' dir='ltr'>rsthrc</span> <span class='ocrx_word' id='word_1_341' title='bbox 557 4221 687 4318; x_wconf 86' lang='lat' dir='ltr'>gestum</span> <span class='ocrx_word' id='word_1_342' title='bbox 709 4225 759 4297; x_wconf 89' lang='lat' dir='ltr'>est</span> <span class='ocrx_word' id='word_1_343' title='bbox 778 4247 818 4302; x_wconf 85' lang='lat' dir='ltr'>ac</span> <span class='ocrx_word' id='word_1_344' title='bbox 840 4231 987 4322; x_wconf 78' lang='lat' dir='ltr'>geritur,</span> <span class='ocrx_word' id='word_1_345' title='bbox 1009 4231 1108 4309; x_wconf 85' lang='lat' dir='ltr'>unius</span> <span class='ocrx_word' id='word_1_346' title='bbox 1127 4235 1369 4330; x_wconf 85' lang='lat' dir='ltr'>Amplitudinis</span> <span class='ocrx_word' id='word_1_347' title='bbox 1395 4237 1514 4314; x_wconf 66' lang='lat' dir='ltr'>uestrae</span> <span class='ocrx_word' id='word_1_348' title='bbox 1538 4237 1672 4332; x_wconf 80' lang='lat' dir='ltr'>optimis</span> <span class='ocrx_word' id='word_1_349' title='bbox 1805 4319 1807 4326; x_wconf 63' lang='grc'>,</span> 
     </span>
    </p>
   </div>
   <div class='ocr_carea' id='block_1_4' title="bbox 440 4323 1778 4604">
    <p class='ocr_par' dir='ltr' id='par_1_5' title="bbox 440 4323 1778 4604">
     <span class='ocr_line' id='line_1_39' title="bbox 440 4323 1600 4425; baseline -0.011 -4"><span class='ocrx_word' id='word_1_350' title='bbox 440 4323 588 4402; x_wconf 62' lang='grc'>9011111115</span> <span class='ocrx_word' id='word_1_351' title='bbox 615 4335 791 4414; x_wconf 75' lang='lat' dir='ltr'>acceptum</span> <span class='ocrx_word' id='word_1_352' title='bbox 808 4323 919 4417; x_wconf 88' lang='lat' dir='ltr'>serre,</span> <span class='ocrx_word' id='word_1_353' title='bbox 942 4331 1144 4425; x_wconf 90' lang='lat' dir='ltr'>Regemque</span> <span class='ocrx_word' id='word_1_354' title='bbox 1162 4333 1203 4406; x_wconf 79' lang='lat' dir='ltr'>el</span> <span class='ocrx_word' id='word_1_355' title='bbox 1221 4354 1257 4406; x_wconf 92' lang='lat' dir='ltr'>re</span> <span class='ocrx_word' id='word_1_356' title='bbox 1271 4331 1410 4408; x_wconf 81' lang='lat' dir='ltr'>mirifice</span> <span class='ocrx_word' id='word_1_357' title='bbox 1428 4333 1600 4410; x_wconf 71' lang='lat' dir='ltr'>delectari.</span> 
     </span>
     <span class='ocr_line' id='line_1_40' title="bbox 484 4417 1778 4604; baseline -0.012 -107"><span class='ocrx_word' id='word_1_358' title='bbox 484 4423 548 4510; x_wconf 79' lang='lat' dir='ltr'>De</span> <span class='ocrx_word' id='word_1_359' title='bbox 572 4417 673 4503; x_wconf 80' lang='lat' dir='ltr'>rebus</span> <span class='ocrx_word' id='word_1_360' title='bbox 698 4420 742 4502; x_wconf 85' lang='lat' dir='ltr'>ad</span> <span class='ocrx_word' id='word_1_361' title='bbox 758 4423 1015 4540; x_wconf 80' lang='lat' dir='ltr'>Ruremundam</span> <span class='ocrx_word' id='word_1_362' title='bbox 1035 4429 1193 4530; x_wconf 80' lang='lat' dir='ltr'>prospere</span> <span class='ocrx_word' id='word_1_363' title='bbox 1211 4425 1314 4528; x_wconf 70' lang='lat' dir='ltr'>gestis</span> <span class='ocrx_word' id='word_1_364' title='bbox 1331 4430 1519 4548; x_wconf 51' lang='lat' dir='ltr'>plurimum</span> <span class='ocrx_word' id='word_1_365' title='bbox 1543 4431 1600 4512; x_wconf 79' lang='lat' dir='ltr'>bic</span> <span class='ocrx_word' id='word_1_366' title='bbox 1609 4447 1675 4604; x_wconf 48' lang='grc' dir='ltr'>ἐξ</span> <span class='ocrx_word' id='word_1_367' title='bbox 1770 4467 1778 4482; x_wconf 89' lang='grc'>.</span> 
     </span>
    </p>
   </div>
   <div class='ocr_carea' id='block_1_5' title="bbox 0 0 1878 5142">
    <p class='ocr_par' dir='ltr' id='par_1_6' title="bbox 0 0 1878 5142">
     <span class='ocr_line' id='line_1_41' title="bbox 0 0 1878 5142; baseline 0 1"><span class='ocrx_word' id='word_1_368' title='bbox 0 0 1878 5142; x_wconf 95' lang='lat' dir='ltr'> </span> 
     </span>
    </p>
   </div>
  </div>
 </body>
</html>
