3736 5142
249 507 335 605 'rto
352 507 589 600 vronmrr
610 523 667 592 m
687 503 895 593 Arma
911 503 1266 604 zmcrrnrrom.
1325 537 1407 636 25⁷

189 679 291 840 ῑιιιιιιί
304 669 402 764 quod
424 667 507 742 mihi
527 659 605 739 sane
631 655 816 740 secundbor
844 661 975 738 Butam
997 665 1153 758 videtur,
1179 671 1209 743 st
1235 672 1307 746 satis
1327 696 1403 750 eam

190 787 257 844 mte
281 789 381 862 rgam.

234 865 342 938 Porro
363 865 443 934 cum
467 861 526 933 sua
539 853 694 948 Maiestas
711 853 876 930 Coraulos
900 856 976 931 suos
1002 861 1036 932 in
1058 859 1172 935 studiis
1187 863 1270 951 alat,
1294 883 1404 958 eaque
1545 941 1549 944 .

188 978 243 1032 res
267 962 340 1034 suas
361 954 575 1050 quantumvis
600 951 768 1025 molestias
799 953 941 1042 habeat,
964 970 1030 1028 tam
1055 959 1075 1028 i
1099 973 1192 1049 parte
1219 980 1403 1052 puerorum

189 1060 294 1147 quim
313 1056 529 1126 dominorum
545 1049 588 1120 de
612 1047 793 1130 Financiis,
816 1051 1024 1140 propositum
1051 1051 1107 1124 hic
1131 1053 1197 1128 suit
1220 1078 1306 1130 anne
1327 1061 1346 1129 ὲ
1366 1079 1403 1131 te

193 1149 390 1234 videretur,
413 1165 453 1218 ut
478 1148 604 1238 aliquot
627 1143 739 1216 bursas
762 1144 818 1216 sua
837 1143 991 1236 Maiestas
1013 1148 1155 1222 Lovanii
1175 1169 1214 1221 ac
1234 1153 1344 1224 Duaci
1366 1155 1405 1228 in

194 1245 308 1336 aliquo
330 1243 489 1336 Collegio
513 1241 691 1328 fundaret,
721 1256 785 1311 tarn
809 1259 871 1332 pto
894 1241 969 1332 ipsis
987 1250 1090 1334 quam
1115 1267 1178 1338 pro
1197 1264 1405 1340 praeceptore

193 1341 329 1434 aliquo,
356 1339 416 1431 qui
439 1359 550 1410 curam
577 1356 693 1408 eorum
718 1349 858 1428 gereret.
913 1336 968 1408 Sic
993 1341 1082 1411 enim
1111 1341 1149 1412 &
1174 1341 1231 1414 sua
1253 1345 1406 1437 Majestas

192 1437 279 1509 mala
301 1435 446 1510 molestia
464 1435 687 1520 liberaretur,
719 1431 756 1504 δι
809 1432 896 1506 ueris
920 1433 1039 1509 melius
1065 1435 1183 1526 fieret3
1205 1459 1273 1529 qua
1299 1443 1342 1512 de
1368 1463 1406 1514 re

191 1529 270 1604 Rex
298 1533 341 1604 ad
362 1529 604 1604 illustrissimum
623 1527 757 1601 Ducem
772 1451 946 1638 'scribem
977 1528 1090 1622 jussit,
1119 1549 1158 1606 ut
1182 1535 1407 1627 Amplitudini

190 1625 307 1698 vestrae
321 1629 355 1700 id
377 1626 438 1698 suo
453 1628 590 1700 nomine
608 1643 912 1716 commumcarem‚
935 1647 1001 1718 qua
1021 1628 1119 1721 super
1139 1651 1176 1702 re
1199 1633 1346 1726 cogitato
1368 1632 1407 1708 δι

189 1716 396 1796 illustrissrmo
415 1722 507 1796 Duci
524 1723 621 1796 suum
640 1723 813 1796 consriium
832 1721 990 1814 impartiri
1007 1727 1100 1798 velit.

234 1817 407 1891 Dominus
426 1818 680 1900 Chantoneius,
702 1817 797 1903 quod
813 1813 857 1882 de
876 1815 1048 1888 Comitatu
1064 1821 1296 1895 Granvellano·
1307 1827 1409 1918 supe·

187 1913 334 1986 rioribus
354 1913 448 1985 annis
473 1923 630 2000 ceperat,
652 1927 745 1977 nunc
761 1923 920 1995 renovat3
942 1910 1152 2001 postulatque
1174 1915 1231 1983 sua
1255 1915 1410 2006 Maiestas

190 2007 386 2080 sententiam
411 2003 606 2081 illustrissimi
629 2000 756 2090 Ducis,
780 2000 823 2071 de
838 2021 909 2092 quo
927 2021 998 2074 non
1012 2003 1132 2075 dubito
1150 2007 1231 2094 quin
1246 2027 1315 2080 tero
1334 2033 1408 2084 otn-

190 2123 271 2176 nem
290 2101 516 2195 Amplitudini
532 2098 649 2172 vesttae
666 2095 936 2174 communicabit
971 2099 1017 2170 Et
1034 2101 1125 2170 certe
1142 2098 1222 2191 ille,
1244 2117 1315 2176 turn
1332 2106 1407 2195 suo,

191 2213 266 2270 tum
295 2198 401 2270 Fratris
424 2193 609 2269 Cardinalis
637 2191 796 2280 nomine,
828 2193 952 2286 dignus
972 2191 1045 2285 est,
1068 2194 1143 2284 cui,
1165 2213 1330 2289 quatenus
1354 2223 1408 2277 res

192 2293 338 2384 patitur,
359 2291 522 2366 faveatur.
623 2314 626 2320 ·
885 2365 888 2374 .

240 2385 341 2460 Uror
354 2387 398 2462 de
416 2384 545 2463 domini
564 2379 742 2456 Confiliarii
758 2381 875 2456 Boone
892 2383 1056 2460 desiderio
1073 2386 1154 2460 mini
1172 2389 1301 2479 scnbit,
1324 2391 1410 2469 circa

191 2481 290 2556 filiam
309 2505 418 2558 meam
437 2481 641 2570 Richissam3
659 2479 735 2566 cui,
758 2499 828 2552 rem
847 2481 881 2556 in
898 2495 1213 2579 utramquepartem
1233 2489 1411 2583 diiigenter

192 2597 357 2674 quantum
375 2583 472 2676 potui
494 2577 662 2670 expensa,
685 2577 751 2648 late
769 2575 949 2669 respondi,
971 2581 1119 2656 reserens
1135 2603 1189 2657 me
1211 2587 1346 2658 tandem
1365 2588 1408 2661 ad

193 2675 231 2748 id
257 2679 353 2770 quod
377 2674 604 2770 Amplitudini
627 2673 767 2763 vestra,
796 2693 875 2764 quae
891 2675 929 2746 bt
954 2678 1036 2750 mihi
1056 2677 1092 2750 δι
1107 2677 1216 2753 libetis
1239 2683 1408 2776 optimum

193 2787 375 2864 patronum
400 2771 434 2845 se
453 2773 583 2864 semper
603 2768 774 2862 prestitit,
795 2769 976 2846 videbitur.
1020 2773 1133 2870 Quare
1152 2796 1261 2870 rogo,
1284 2793 1322 2850 ut
1344 2779 1410 2852 hoc

194 2865 307 2958 ipsum
332 2869 585 2954 continuando,
613 2863 709 2957 quod
731 2865 872 2938 maxime
901 2871 921 2938 e
949 2887 984 2940 re
1008 2869 1198 2962 videbitur,
1230 2874 1292 2946 hac
1313 2873 1348 2945 in
1372 2895 1410 2948 te

193 2963 294 3035 nobis
319 2964 494 3039 consulere
517 2965 697 3056 dignetur;
719 2961 757 3034 bu
784 2965 863 3035 cunt
887 2981 1020 3054 tempus
1039 2967 1123 3057 en't,
1153 2983 1193 3042 ut
1216 2970 1260 3042 de
1290 2969 1328 3042 iis
1352 2972 1413 3064 qui

160 3063 168 3080 ⁸
192 3057 348 3132 favorem
374 3062 503 3155 regium
529 3058 699 3156 promeriti
724 3057 821 3147 sunt,
842 3059 912 3136 hue
927 3059 1162 3151 perscribatur,
1184 3083 1333 3159 togatam
1350 3086 1411 3140 ve·

191 3154 252 3228 lim
269 3153 537 3245 Amplitudinem
554 3153 696 3228 vestram
710 3171 750 3226 ut
773 3154 810 3226 δι
834 3157 900 3228 mei
918 3173 1030 3228 curant
1052 3179 1171 3253 gerere
1191 3165 1296 3251 velit3
1318 3165 1412 3254 quod
1479 3170 1483 3177 '

192 3247 298 3344 ipsam
317 3251 572 3324 &libentissime
591 3250 628 3322 ἂ
649 3248 888 3342 dugenriss'tma
900 3253 1058 3326 nurum
1076 3257 1157 3331 nihil
1176 3255 1303 3332 dubito.

243 3343 356 3434 Cura,
376 3347 560 3422 reverende
584 3343 704 3418 Ptaesui
728 3365 768 3418 ac
798 3361 959 3438 patrone,
982 3363 1020 3420 ut
1035 3351 1163 3443 valeas,
1186 3375 1225 3426 ac
1247 3355 1409 3446 quoniam

194 3440 242 3514 de
261 3439 570 3515 salmanticensibus
598 3439 741 3529 nostris,
764 3442 824 3532 qui
849 3445 938 3518 teste
967 3443 1065 3534 sunt,
1088 3450 1201 3524 omnia
1215 3471 1411 3544 percorum

192 3535 305 3610 literas
323 3535 525 3630 cognoscet,
547 3534 627 3610 nihil
642 3557 729 3629 opus
744 3539 860 3631 patavi
876 3538 972 3612 latius
990 3562 1028 3614 ea
1043 3542 1087 3616 de
1103 3565 1140 3617 re
1157 3545 1308 3619 scribere.
1331 3547 1412 3620 Ma-

192 3629 293 3720 driti,
327 3633 385 3706 26.
413 3633 614 3706 Decembris
643 3635 744 3724 1569.
785 3633 996 3708 ueneranda
1027 3639 1265 3730 Amplitudinis
1295 3642 1412 3711 vestrae

192 3725 409 3822 parntissrmus
420 3728 559 3803 servitor
572 3728 782 3890 ssoacrrrmos
800 3727 1003 3800 Hortarius.
1217 3805 1221 3818 ι

238 3821 351 3917 Prope
372 3825 547 3899 omiseram
601 3819 729 3890 oiitium
752 3819 899 3890 nostrum
922 3836 1055 3909 petere,
1077 3838 1115 3896 ut
1137 3821 1323 3894 Historicus
1340 3823 1412 3899 Re·

193 3919 269 4012 gius
295 3921 361 3994 esse
378 3920 499 4012 possrt3
521 3913 648 4007 quade
666 3933 702 3984 re
721 3911 764 3984 ad
779 3911 913 3984 Ducem
929 3913 1082 4005 scriptum
1102 3917 1173 4004 est,
1192 3917 1229 3988 δι
1256 3917 1337 3990 velit
1356 3919 1410 4000 sua

193 4013 349 4105 Maiesias
372 4013 639 4124 Amplinrdincm
662 4007 804 4082 vestram
831 4006 928 4100 super
953 4029 991 4080 ea
1017 4031 1052 4083 te
1070 4013 1222 4088 nonnihil
1241 4014 1408 4113 cogitare,

194 4109 275 4178 itetn
291 4111 370 4200 quia
384 4111 429 4183 de
441 4123 627 4202 tutamento
647 4109 667 4180 i
685 4104 826 4178 Praelatis
845 4105 1030 4197 prestando
1042 4109 1120 4182 inde
1135 4113 1203 4184 huc
1224 4109 1410 4210 scripsistis,

197 4199 236 4271 δι
252 4203 403 4291 quaedam
417 4209 497 4280 hinc
515 4204 613 4278 vobis
629 4200 764 4293 quaestio
778 4201 925 4294 superea
943 4223 978 4275 te
993 4205 1042 4278 est
1055 4211 1294 4304 proposrta,ad
1307 4234 1410 4304 quarn

197 4297 351 4368 nondum
379 4300 427 4372 est
459 4298 689 4396 responsum:
721 4313 852 4392 optaret
877 4297 933 4370 sua
966 4301 1121 4394 Maiestas
1145 4307 1408 4398 Amplitudinem

197 4389 342 4467 vestram
367 4413 456 4468 cura
478 4397 627 4486 habere,
658 4414 730 4490 quo
761 4393 796 4470 id
828 4399 945 4560 quirit<
964 4397 1111 4560 {timum
1142 4400 1210 4474 siat.
1255 4399 1409 4488 sumque
