3746 5142
245 491 585 594 renonum
605 479 885 606 murum
914 433 1268 577 zrncrumm
1323 483 1403 608 ἰη

430 666 896 763 EPISTOLA
995 664 1159 749 XIX.

237 856 355 944 Areo.
391 849 519 952 Fama
554 839 632 954 ιβ,
661 835 856 954 Reginam
884 833 1168 964 suspensurum
1183 880 1185 886 .
1197 840 1409 956 gravidam

181 961 345 1055 Gallias
371 975 708 1158 pdrirograturum
738 949 824 1037 dum
857 966 930 1038 atto
959 953 1097 1037 itmerr
1123 951 1217 1042 Rex
1242 947 1283 1042 in
1309 957 1407 1049 Bel.

180 1079 289 1194 giam
319 1093 387 1161 ren
428 1091 456 1156 t.

189 1248 336 1460 81³.
376 1337 578 1419 Reverende
607 1329 748 1428 presul,
769 1322 809 1410 δέ
829 1319 985 1412 srmone.
1033 1330 1150 1413 Hodie
1171 1331 1266 1414 bitus
1287 1335 1410 1420 vellen

93 1449 100 1461 '
188 1443 302 1518 uterus
323 1437 462 1534 accepi,
493 1455 578 1512 unas
600 1433 718 1511 XXV.
735 1432 937 1526 Februarii,
960 1433 997 1507 ἀ
1019 1434 1136 1510 alteras
1154 1436 1292 1538 ‘Quarti
1313 1440 1411 1534 hujus

186 1539 310 1614 mensis
333 1537 477 1629 scriptae
524 1533 667 1631 Quantis
690 1529 803 1606 monia
826 1528 1080 1605 difficultatibus
1102 1531 1199 1608 isthic
1216 1533 1319 1607 obsrta
1336 1535 1414 1628 fint,

189 1649 261 1708 tum
292 1631 401 1721 foris,
432 1651 533 1724 quem
555 1629 677 1720 intus,
708 1647 779 1700 non
795 1635 813 1717 '‚
836 1629 1075 1718 mehercule,
1097 1630 1239 1726 ignoro:
1265 1631 1303 1704 dt
1324 1631 1411 1728 saepe

188 1731 281 1826 apud
302 1730 436 1824 Regem
459 1743 713 1810 commemoro,
737 1744 806 1797 non
830 1723 890 1794 nili
911 1724 1073 1798 diuinitus
1094 1727 1188 1814 fieri,
1212 1722 1315 1800 dt'ab
1340 1731 1412 1804 ani-

189 1845 254 1900 mo
274 1827 377 1919 pleno
399 1825 510 1898 omnis
532 1819 658 1908 officii,
680 1819 778 1890 studii
801 1817 1012 1908 depietatis,
1034 1839 1114 1910 erga
1134 1822 1350 1912 Religionem
1373 1825 1413 1896 dr

190 1920 283 1996 suum
306 1919 538 2012 Maiestatem,
561 1919 761 2005 bonumque
783 1912 871 1984 adeo
894 1911 1091 2004 publicum,
1112 1912 1293 2006 proficisci,
1316 1917 1414 2006 quod

189 2017 395 2110 Amplitudo
424 2013 532 2087 vestm
559 2027 612 2085 tot
642 2008 819 2100 tantosque
841 2007 1002 2095 labores,
1025 2007 1063 2080 dt
1084 2025 1153 2080 tam
1176 2008 1353 2083 diutumoe
1376 2010 1415 2084 ot

186 2113 425 2198 conmenta,
446 2109 535 2182 sonu
557 2106 703 2180 sustinet.
750 2105 791 2174 ln
810 2123 915 2194 quam
936 2115 1065 2192 partem
1086 2101 1123 2174 dt
1138 2103 1219 2176 Rex
1237 2101 1330 2194 lpse,
1353 2121 1417 2200 pro

188 2206 325 2281 summa
350 2205 409 2273 sut
431 2199 658 2284 hunurritate,
680 2199 719 2268 dt
734 2197 854 2286 reliqui
877 2215 996 2267 omnes
1018 2215 1090 2269 rem
1104 2195 1283 2291 accipiunt.
1331 2198 1416 2296 Spe·

189 2317 304 2390 toque
325 2313 380 2370 me
404 2291 506 2366 hodie
527 2293 652 2383 aliquid
674 2291 781 2385 jecisse
803 2289 1020 2363 fundamenti·
1036 2289 1080 2364 ad
1097 2291 1133 2364 id
1149 2293 1414 2389 perficientium,

192 2392 294 2488 quod
327 2390 510 2465 successere
535 2387 737 2482 Amplitudo
764 2385 873 2460 vestm
901 2401 1076 2482 tantopere
1100 2395 1121 2464 d
1143 2411 1199 2466 me
1214 2391 1416 2466 contendite

191 2489 363 2582 speroque
385 2487 541 2582 prordmo
571 2485 668 2558 cursu
691 2484 774 2558 certi
796 2484 921 2578 aliquid
943 2504 982 2556 ea
1004 2485 1049 2559 de
1075 2506 1111 2558 re
1132 2507 1189 2560 me
1213 2485 1417 2581 perscriptu-

193 2605 283 2661 rum.
332 2585 378 2657 Et
398 2583 535 2675 quidem
558 2602 602 2654 eo
625 2601 679 2653 ma
704 2581 754 2670 ‘s‚
776 2581 871 2672 quod
892 2581 972 2653 Rex
994 2580 1038 2654 de
1061 2582 1273 2675 profectione
1297 2584 1353 2656 sun
1367 2581 1417 2656 se·

192 2681 249 2756 rid
270 2677 335 2769 inm
357 2699 455 2773 agere
473 2677 618 2752 videtur.
702 2678 738 2752 ui
760 2675 851 2748 diem
867 2675 968 2764 dim,
991 2691 1032 2747 ut
1045 2679 1152 2775 vulgo
1169 2677 1296 2766 fertur,
1318 2679 1416 2754 XXI.

195 2775 309 2862 diem,
336 2791 375 2846 ut
396 2779 481 2848 vero
502 2773 585 2848 Dux
610 2772 760 2847 Albanus
782 2773 902 2845 abhinc
921 2773 1004 2846 durs
1019 2772 1116 2848 horas
1131 2775 1212 2848 mihi
1227 2771 1419 2866 affirmavit,

26 2875 28 2882 ’
191 2886 389 2946 extremum
420 2867 540 2944 mensis
571 2869 667 2942 Maii.
715 2869 939 2962 Hebeturque
970 2889 1041 2942 cras
1070 2889 1168 2944 mane
1197 2871 1292 2962 apud
1322 2870 1418 2944 illum

192 2972 392 3040 'conventus
421 2965 522 3038 tutius
550 2964 683 3038 familie
704 2965 854 3060 Regiae,
876 2981 916 3038 ut
937 2965 1002 3038 illis
1023 2967 1197 3054 mendam,
1218 2987 1297 3059 quae
1319 2967 1421 3060 super

196 3083 239 3136 ea
261 3082 297 3134 re
319 3063 453 3150 lubet,
484 3075 642 3154 exponat.
690 3059 768 3136 Oro
790 3060 906 3133 Deum
937 3065 1103 3157 optimum
1125 3064 1332 3150 maximum,
1356 3079 1420 3152 ut,

199 3157 297 3252 quod
325 3171 503 3251 tantopere
537 3157 740 3250 Amplitudo
768 3155 879 3229 vestre
901 3173 1028 3251 optut,
1060 3158 1098 3231 dt
1120 3179 1187 3252 ego
1209 3157 1285 3232 sane
1307 3159 1419 3234 multo

197 3275 235 3327 m
280 3255 289 3268 '
314 3305 327 3343 ,
348 3253 444 3327 brevi
467 3252 536 3328 und
558 3253 646 3342 esse,
669 3253 708 3327 dt
723 3253 767 3326 de
783 3251 940 3327 ommbus
956 3255 1056 3328 rebus
1074 3253 1244 3329 sermones
1263 3254 1420 3328 conferre

287 3367 370 3424 mtu.
420 3349 521 3423 Plura
543 3347 685 3425 scribere
704 3365 795 3424 vent
809 3347 977 3422 festinatio
993 3352 1162 3424 Secretarr'i
1183 3351 1313 3424 domini
1329 3349 1420 3424 Hor·

198 3443 335 3529 nenfit,
357 3445 416 3534 qui
430 3445 491 3518 het
507 3444 628 3521 desert.
675 3445 752 3518 Nisi
767 3444 864 3540 quod
881 3445 950 3516 lroc
962 3445 1157 3520 addendum
1175 3447 1248 3535 est,
1265 3446 1422 3534 Ducem,

200 3551 370 3634 quantum
401 3541 481 3615 milri
504 3541 604 3614 hodie
625 3541 739 3631 dixit,
763 3561 839 3616 unte
861 3540 987 3614 Pascha
1008 3544 1149 3616 omnino
1169 3544 1203 3615 se
1226 3557 1321 3633 putrt
1343 3562 1421 3632 pro·

199 3633 388 3710 fetrumm
436 3635 576 3726 Aiunt,
598 3637 680 3710 dum
710 3659 773 3710 nos
795 3657 856 3732 per
877 3637 1002 3708 ltaliam
1026 3653 1086 3708 aut
1108 3640 1284 3709 Ocemrum
1308 3637 1422 3722 imus;

201 3733 308 3826 (nam
330 3732 431 3806 muti
450 3735 625 3827 unbigunt
642 3733 686 3806 de
699 3733 836 3822 itinere)
861 3733 1027 3823 Reginum
1046 3751 1108 3824 per
1119 3731 1265 3804 Gellium
1283 3730 1421 3819 ituram,

200 3843 241 3900 ut
263 3829 355 3920 apud
378 3849 441 3902 nos
456 3831 572 3923 perlat.
620 3829 713 3901 Nam
731 3827 901 3922 grevidm
921 3845 994 3898 enm
1013 3827 1103 3913 else,
1125 3826 1190 3912 ium
1207 3823 1360 3918 pridem,
1381 3839 1423 3900 ut

200 3938 318 4016 puto,
341 3921 437 3998 settle
486 3927 551 4000 Per
573 3921 858 3998 Mediterraneum
881 3935 996 3996 tumen
1020 3941 1086 3994 nos
1110 3921 1215 3995 ituros
1243 3919 1327 3995 Dux
1351 3922 1423 4015 uit,

204 4019 313 4108 etque
335 4020 382 4092 de
404 4024 504 4096 taust
526 4019 591 4114 iarn
620 4019 790 4094 Tutemet
819 4019 959 4108 adesse,
981 4035 1038 4092 aut
1060 4017 1158 4092 brevi
1177 4016 1319 4111 adfore,
1341 4019 1445 4096 Bar-³

202 4113 325 4279 llll
348 4113 1069 4288 rettulitretiulit
1083 4115 1425 4288 stridulis

202 4299 380 4414 Fusonicis
405 4305 502 4380 etiarn
524 4263 628 4403 ardue
650 4233 754 4383 curri?
770 4269 1079 4395 iaet013meliuese
1101 4311 1236 4384 nabere.
1283 4303 1423 4395 Raptim

200 4395 343 4506 Madnti
371 4399 426 4472 18.
447 4403 562 4478 Martii
582 4405 684 4499 1566.
708 4406 920 4478 Reuerendae
938 4404 1175 4498 Ampltrudinie
1195 4397 1312 4477 vestm
1329 4417 1425 4490 put*

199 4491 491 4575 uffimmsnuitor
514 4499 729 4598 Joncfflmus
753 4501 960 4575 Horremus.
