3736 5140
406 467 495 580 328·
554 464 871 581 Joucnrmt
898 461 1177 552 monemur
1203 465 1528 558 uutsuoum

452 625 590 702 Ducem
617 621 852 698 Medinensem
878 620 1009 716 iamed
1038 641 1129 698 mare
1154 621 1218 696 ese
1236 639 1411 719 putemus,
1435 627 1632 724 nudiusque

405 725 521 798 tertius
536 723 645 797 omn'u
663 721 707 796 ud
721 742 802 795 eum
817 719 987 811 misimus,
1011 741 1132 814 nempe
1151 720 1382 796 instructiones
1397 724 1544 893 gquaefi
1563 727 1633 801 ser-

404 821 678 908 vabuntur‚non
690 816 876 892 admodum
895 817 1378 909 labonbitru);ordinationes
1429 822 1535 896 onsriii
1555 821 1629 898 Stu-

403 929 480 1008 tus,
502 918 548 991 ud
564 933 695 992 veteres
705 915 902 1009 expressam
925 916 1088 990 &literas
1102 916 1148 994 ud
1168 917 1308 1006 sunu,
1331 914 1370 990 dt
1393 915 1471 991 ulios
1494 918 1629 994 nostroe

401 1009 636 1109 Principesque
659 1011 801 1088 vicinos.
849 1013 982 1109 Quibus
1004 1012 1171 1106 quidem,
1202 1013 1282 1104 quia
1306 1012 1392 1088 Dux
1418 1012 1492 1088 suus
1519 1015 1628 1089 literas

402 1109 528 1184 addere
543 1111 671 1200 debet,
693 1110 855 1204 precepit
872 1107 953 1184 mihi
968 1110 1068 1200 Rex,
1091 1125 1131 1182 ut
1142 1109 1186 1183 ad
1201 1109 1473 1201 Amplitudinem
1488 1110 1631 1186 vestram

404 1207 626 1300 perscribam,
650 1229 688 1283 ut
703 1211 748 1284 de
766 1210 804 1282 iis
820 1209 968 1303 cogitare
985 1208 1093 1294 velit,
1115 1228 1191 1301 quo
1203 1205 1326 1299 patto,
1339 1227 1379 1279 ac
1393 1207 1538 1283 maxime
1555 1208 1631 1302 qui·

404 1301 487 1380 dem
505 1306 549 1378 ud
566 1305 806 1400 Imperatorem
826 1304 863 1378 de
881 1304 1051 1398 Principes
1068 1302 1256 1380 Genuum
1271 1305 1335 1377 srnt
1352 1302 1545 1379 scribendae.

449 1400 508 1476 De
530 1401 730 1476 Consiliariis
747 1405 792 1476 illi
806 1401 994 1524 audiendis,
1018 1403 1083 1474 late
1099 1400 1144 1472 ad
1163 1399 1256 1474 suam
1274 1396 1480 1492 Maiestatem
1504 1401 1602 1476 retuli
1618 1421 1632 1492 3

403 1494 463 1570 sed
485 1497 639 1571 nondum
665 1499 846 1588 quidquam
874 1496 1133 1569 detenuinatum
1161 1495 1212 1568 est
1230 1545 1245 1582 ,
1265 1501 1388 1569 verbm
1410 1497 1502 1589 prius
1527 1499 1633 1574 credo
1655 1495 1657 1499 ’

401 1593 573 1664 Andream
593 1590 702 1698 isthue
724 1592 891 1697 quendam
918 1587 1163 1696 Cancebarium
1191 1590 1480 1698 Mediolanensem
1506 1609 1633 1666 ventu-

444 1895 473 1948 rr
494 1895 621 1950 curam.
1276 1887 1283 1895 ’

448 1974 573 2046 l‘raeter
593 1969 806 2066 supradicio,
827 1967 903 2042 baec
920 1987 998 2060 quoe
1011 1966 1225 2060 sequunnrr‚
1247 1950 1462 2063 parneium
1479 1974 1630 2050 ad'Am-

402 2069 604 2164 piitudinem
639 2068 783 2140 vestram
816 2063 1018 2160 perscribere
1047 2067 1128 2142 Rex
1151 2064 1249 2160 juffit.
1301 2064 1453 2142 Primum
1477 2090 1628 2162 queram

404 2163 648 2242 Gubernatoris
664 2163 840 2238 Genuum
853 2159 1109 2238 extraordinaria
1123 2162 1189 2235 srnt
1206 2161 1343 2252 suam,
1364 2183 1481 2258 ptaeter
1497 2165 1626 2261 triginta

402 2261 461 2338 sex
476 2262 568 2336 mille
589 2265 739 2336 florenos
755 2281 887 2341 annuos
904 2259 1097 2337 ordinarios.
1144 2259 1281 2336 Deinde
1300 2261 1370 2354 qui
1391 2263 1515 2338 ratione
1537 2263 1627 2341 effici

402 2361 530 2452 poterit
550 2376 588 2434 ut
606 2357 711 2436 nostri
725 2358 869 2453 prosde
887 2357 930 2430 in¹
944 2357 1169 2434 Anduluziam
1198 2359 1341 2431 redeunt
1360 2380 1373 2450 3
1395 2379 1496 2451 quam
1526 2382 1632 2458 nego-

403 2455 578 2530 ciau'onem
603 2469 742 2550 propter
767 2455 1015 2550 imposru'onem
1047 2455 1257 2548 quamdam,
1279 2473 1355 2546 quae
1381 2476 1473 2532 nunc
1499 2457 1628 2534 subsunt

401 2551 480 2642 est,
502 2575 624 2648 magne
642 2574 689 2629 ex
711 2571 808 2650 parte
834 2553 1028 2626 omiserunt.
1049 2625 1051 2638 ,
1074 2552 1287 2646 Meminique
1311 2571 1433 2646 rogatu
1459 2553 1633 2630 Amstero-

403 2649 609 2725 demensium
629 2672 685 2725 me
704 2703 718 2738 ‚
742 2670 821 2724 cum
842 2649 913 2723 huc
926 2649 1073 2743 primum
1087 2651 1238 2726 venirem
1256 2703 1270 2740 ,
1290 2651 1446 2724 remtitse.
1493 2651 1540 2726 Et
1558 2653 1629 2727 for·

402 2749 480 2823 nise
498 2749 664 2843 prodesset
682 2749 707 2822 [ι
723 2745 917 2840 supradidtae
934 2747 1151 2841 impofitionis
1166 2745 1307 2820 sublatio
1316 2745 1519 2834 ‚uosbanbus
1530 2751 1629 2826 inno·
1730 2777 1734 2790 ·

402 2845 552 2921 testeret.
600 2847 694 2922 Tum
714 2866 759 2918 un
778 2843 850 2917 ullo
868 2843 975 2918 modo
991 2844 1164 2920 consilium
1186 2841 1362 2935 videatur,
1384 2863 1426 2916 ut
1441 2845 1524 2920 Dux
1543 2847 1631 2922 Hol-

401 2941 490 3018 srtiae
508 2943 691 3020 Praefectus
714 2939 819 3016 mars
838 2941 1012 3016 Generalis
1031 2957 1163 3016 creetur
1178 2942 1318 3018 nomine
1336 2942 1491 3036 imperii,
1512 2943 1627 3037 itique

402 3039 516 3132 noster
536 3040 718 3116 Admimlis
743 3057 888 3134 pareut3
909 3037 1007 3132 quod
1029 3039 1096 3112 suae
1120 3035 1317 3131 Maiestam,
1345 3039 1453 3133 primi
1482 3037 1624 3128 froom,

402 3140 498 3214 nullo
514 3139 621 3214 modo
636 3140 827 3234 probatur,
850 3154 890 3211 ut
904 3138 969 3211 late
987 3135 1031 3210 ad
1045 3135 1182 3210 Ducem
1200 3133 1311 3209 scribit
1327 3157 1340 3225 3
1371 3134 1429 3208 sed
1454 3133 1621 3228 speciatim

400 3235 489 3346 petit
500 3251 542 3305 ut
556 3236 626 3348 Am
652 3235 761 3310 litudo
778 3231 888 3310 vestra
902 3233 1002 3330 super
1020 3232 1061 3308 ed
1078 3231 1284 3328 recogitet,
1308 3231 1344 3302 dt
1370 3231 1460 3304 suam
1490 3228 1626 3304 senten·

335 3471 339 3480 ·
400 3329 625 3498 mrfiagffiu
635 3349 742 3517 Rte'gir
764 3425 911 3520 effigiem
924 3423 1145 3520 ¹posteriorem
1165 3423 1307 3516 accepi,
1328 3421 1510 3516 habeoque
1527 3422 1630 3498 moxi-

199 3515 214 3552 ’
253 3563 259 3576 ·
400 3539 473 3597 uras
494 3519 691 3593 eonomine
719 3521 850 3614 gurim.
897 3521 946 3594 Et
967 3523 1063 3618 quod
1088 3520 1294 3615 Amplitudo
1316 3521 1424 3598 vestra
1449 3521 1629 3596 dominum

402 3617 448 3696 de
463 3617 677 3794 Augazemihi
695 3617 942 3713 commendat,
965 3640 1005 3698 ut
1019 3619 1081 3696 suo
1098 3639 1245 3712 tempore
1270 3615 1342 3706 ejus
1361 3618 1447 3692 ratio
1470 3619 1632 3692 iubeatur

400 3741 493 3796 curae
599 3719 658 3795 bo.

447 3819 505 3896 De
521 3816 698 3894 Molenarii
714 3810 846 3908 nostri,
867 3815 930 3892 viri
942 3815 1062 3910 optimi
1079 3865 1093 3906 ,
1114 3831 1220 3890 morte
1243 3810 1354 3886 doleo.
1398 3809 1447 3884 Et
1464 3810 1625 3902 quoniam

401 3935 482 3990 cum
516 3915 640 3992 Peclcio
675 3914 846 4010 Crypium
874 3914 1023 3988 nostrum
1054 3912 1092 3986 dc
1128 3909 1387 4006 Huysmuunum
1413 3905 1561 3979 nostrum
1587 3905 1624 3979 in

400 4010 476 4100 ejus
499 4013 614 4084 locum
632 4007 1064 4101 denominatosinrelligo,
1088 4009 1301 4101 quaesout,
1331 4001 1446 4098 siquis
1469 4001 1511 4076 ei
1528 4021 1627 4076 occu-
1663 4094 1672 4106 ἱ

398 4105 494 4179 fiune
518 4103 616 4176 locus
631 4105 719 4176 form
734 4123 861 4191 uacet,
885 4101 1003 4176 Murci.
1019 4102 1124 4180 nostri
1141 4107 1186 4182 de
1204 4103 1384 4198 Hertoghe
1406 4100 1489 4175 ratio
1507 4099 1630 4173 habeu-

401 4221 489 4288 τῦῐ,
509 4217 614 4290 quem
634 4197 858 4289 Amplitudini
877 4195 996 4272 vestre
1014 4200 1113 4274 eriam
1131 4221 1235 4298 atque
1254 4204 1355 4278 etium
1372 4197 1588 4276 commendo.

449 4297 588 4395 Optima
604 4295 659 4370 illa
682 4294 725 4372 de
743 4293 1009 4372 belloTurcico
1036 4301 1127 4374 'nova
1143 4301 1208 4394 jam
1238 4319 1312 4374 non
1332 4295 1457 4372 dubito
1485 4294 1567 4390 quin
1588 4293 1633 4370 ad

401 4423 465 4482 vos
487 4399 550 4478 stnt
570 4395 704 4495 perlata.
745 4393 833 4496 Quu
847 4391 988 4489 quidem
1004 4393 1055 4473 uti
1074 4399 1238 4474 venetie
1257 4414 1331 4472 nou
1350 4393 1634 4568 dubtmmssuffi
