3736 5142
270 451 356 540 no
373 439 609 537 monnau
627 457 684 528 m
702 435 910 528 aaran
930 383 1278 535 rotdomum
1321 446 1407 562 αις

181 619 318 706 propter
334 603 430 680 Festa
444 599 610 677 Paschalia
624 595 786 672 hactenus
799 616 868 670 non
885 597 1075 692 potui3nec
1093 598 1210 673 dubito
1226 606 1308 694 quin
1324 630 1401 702 per.

183 697 765 884 diribitii‘ltlllntl
781 692 1400 884 pusillitatibus}

180 893 377 970 merateniis
390 890 505 978 millo,·
527 907 656 978 oroque
673 883 936 977 Amplitudinem
948 884 1088 956 vestram
1103 883 1262 976 majorem
1279 891 1312 962 in
1325 913 1401 969 mo·

182 991 268 1064 dum
282 1004 321 1061 ut
335 989 379 1060 de
396 983 522 1058 caeteris
536 987 581 1056 ita
597 983 787 1054 continuare
805 979 906 1069 velit,
931 979 968 1052 dc
985 981 1010 1051 fi
1026 1001 1102 1072 quae
1122 982 1199 1054 sunt
1214 985 1295 1075 alia,
1317 1008 1399 1081 quae

182 1085 258 1160 usui
278 1083 363 1156 mihi
386 1081 461 1154 sore
484 1078 709 1164 arbitrabitur,
734 1075 942 1149 tantumdem
961 1075 1073 1149 secere
1095 1069 1263 1170 dignetur.
1309 1082 1400 1156 Nam

183 1181 228 1252 ad
253 1199 381 1271 quem,
413 1178 515 1267 quam
545 1173 588 1245 ad
615 1171 881 1263 Amplitudinem
908 1171 1050 1245 vestram
1076 1194 1260 1270 recurram,
1296 1178 1401 1256 alium

184 1293 258 1349 non
280 1272 390 1346 habeo
414 1292 477 1342 nec
491 1268 611 1342 habere
635 1267 730 1342 volo,

212 1415 215 1422 ·
233 1365 426 1444 Gratiffimae
442 1364 509 1438 suae
534 1360 698 1454 Maiestati
714 1361 812 1436 fudre
827 1360 1068 1456 Amplitudinis
1084 1362 1200 1438 vestrae
1216 1364 1340 1458 literae,
1356 1367 1400 1441 ad

181 1483 271 1558 quas
287 1463 443 1558 proximo
461 1457 557 1533 cursu
575 1460 626 1534 uti
642 1459 899 1554 respondeatur,
921 1457 984 1548 ‘ram
1006 1456 1114 1550 jusiit3
1130 1457 1168 1531 dc
1186 1461 1307 1554 siquid
1324 1484 1401 1538 mea

182 1561 309 1655 poten't
324 1560 477 1652 praestare
492 1575 616 1648 opera,
640 1557 777 1630 minime
795 1575 911 1628 vacuae
928 1554 1079 1629 venient.

229 1655 428 1728 Nominatio
439 1651 579 1728 Consilii
601 1652 709 1728 Frisrae
730 1651 829 1727 valde
849 1651 930 1726 mihi
946 1653 1073 1745 placet,
1095 1671 1159 1726 nec
1178 1649 1295 1726 dubito
1316 1656 1400 1748 quin
1477 1724 1480 1728 .

179 1769 224 1822 ex
241 1750 401 1825 sententia
417 1770 471 1822 res
486 1749 669 1834 succedet3
690 1751 734 1820 de
752 1768 820 1838 qua
835 1749 988 1837 pronum
1009 1747 1189 1838 septimani
1205 1769 1283 1825 cum
1308 1753 1401 1842 aliia,

180 1843 263 1918 Deo
283 1847 445 1926 volente,
469 1837 624 1911 referam.

229 1934 442 2010 Crediderim
469 1933 513 2004 ad
541 1930 672 2004 subsidii
701 1927 796 2022 petiti
824 1929 1089 2024 impetrationem
1113 1933 1241 2004 sarlius
1257 1955 1402 2025 perven-

179 2048 258 2107 tum
281 2032 342 2116 iri,
371 2031 398 2103 fi
420 2047 498 2121 qoae
517 2026 560 2100 de
580 2025 695 2099 Gratia
711 2026 868 2100 Generali
888 2025 927 2100 dc
940 2023 1278 2098 Remunerationibus
1296 2043 1403 2100 tanto-

180 2148 266 2297 iil
288 2129 336 2294 ib?
354 2121 1404 2312 tiri{initiisi‘l‘aiqliiefssllatiali

179 2274 336 2409 sauine)
354 2313 539 2388 intermittit
558 2333 619 2407 per
634 2267 832 2385 suas’literas
849 2333 906 2385 me
923 2313 1046 2410 hortari
1063 2327 1102 2386 ut
1118 2315 1221 2403 quim
1236 2315 1404 2392 liberrime

181 2413 339 2486 omnibus
354 2413 399 2484 de
415 2411 516 2484 rebus
531 2405 725 2484 sententiam
743 2407 938 2502 persenbam
964 2428 973 2478 t
997 2408 1039 2481 ab
1054 2409 1151 2481 nullo
1164 2407 1197 2481 se
1214 2411 1404 2485 mortalium

181 2506 342 2582 libentius
363 2512 466 2601 quim
494 2511 514 2580 i
538 2527 594 2580 me
612 2505 740 2578 audire.
788 2505 866 2600 Ego
881 2506 925 2580 de
943 2519 1033 2578 tanta
1052 2504 1152 2602 gratia
1169 2503 1330 2594 summas,
1353 2513 1405 2582 uti

179 2603 320 2691 debeo,
343 2603 461 2696 gratias
474 2603 604 2694 semper
621 2621 710 2695 ago;
730 2597 880 2677 lrbertate
895 2617 1005 2676 autem
1022 2621 1125 2694 quam
1146 2603 1206 2676 dat
1221 2601 1405 2696 parciffune

174 2698 223 2773 dt
243 2696 496 2773 moderatiffime
515 2714 603 2773 utor.

232 2795 326 2891 Quid
351 2794 394 2866 de
417 2795 469 2868 his
494 2793 653 2868 ommbur
676 2794 777 2867 rebus
797 2792 926 2868 fabium
954 2794 1040 2883 erit,
1062 2797 1165 2887 quam
1189 2793 1404 2887 prolixiffima

180 2887 245 2961 suo
271 2905 424 2984 tempore
448 2891 492 2964 ad
517 2891 785 2985 Amplitudinem
812 2891 954 2964 veiham
983 2889 1203 2984 perscribam,
1232 2911 1333 2983 quam
1352 2893 1405 2966 uti

182 2985 298 3058 labore
312 2986 453 3058 levatam
472 2988 691 3062 vehementer
707 2987 861 3080 gaudeo,
875 2987 918 3060 ita
935 2989 1034 3062 rebus
1049 2984 1241 3080 praefeflam
1254 3007 1403 3075 manere,

184 3081 223 3154 dt
253 3080 442 3173 reipublicae
463 3081 501 3155 tlt
526 3083 603 3157 med
625 3081 725 3156 causi
744 3081 909 3176 ¹majorem
933 3083 966 3157 in
989 3083 1129 3156 modum
1157 3081 1264 3156 laetor.
1310 3082 1404 3156 Nam

182 3177 233 3269 lin
345 3177 444 3250 literae
459 3177 598 3272 singulae
620 3180 704 3252 mihi
720 3175 1028 3268 santumnium&
1043 3175 1099 3252 sua
1116 3175 1272 3271 Maiestas
1287 3197 1403 3254 earum

183 3291 228 3346 au
253 3272 357 3345 itione
371 3273 553 3364 plurimum
568 3273 764 3348 delediamr.

231 3367 390 3438 Ruedam
409 3366 447 3438 dt
466 3369 547 3442 alios
562 3367 785 3464 placabiliores
802 3373 905 3460 quam
925 3371 1064 3443 alterum
1083 3367 1180 3443 illum
1198 3367 1273 3444 fore
1290 3366 1402 3464 spero.

15 3489 23 3500 ·
182 3461 233 3536 Et
245 3461 426 3534 Patavinus
442 3462 497 3533 ille
510 3465 615 3539 bomo
635 3464 718 3537 mihi
741 3463 862 3540 dailos
879 3464 1034 3556 videtur3
1053 3463 1188 3558 jamque
1203 3465 1254 3540 bis
1277 3465 1319 3538 ad
1346 3485 1405 3537 me

80 3633 87 3648 ‚
181 3555 331 3726 {empsim
354 3575 418 3628 nec
444 3557 593 3633 omittam
615 3560 708 3636 omni
729 3561 870 3650 officio,
898 3561 1012 3654 quoad
1037 3576 1180 3654 potero,
1210 3562 1242 3632 ei
1266 3561 1405 3652 respon-

208 3673 276 3727 ere.

229 3747 433 3824 Perlibenter
447 3749 609 3825 intellexit
624 3753 682 3824 sua
705 3747 862 3838 Maiestas
887 3748 980 3838 quod
1005 3747 1049 3818 de
1067 3747 1237 3839 Episcopo
1256 3744 1404 3818 leovar-

181 3843 287 3920 diensi
312 3845 513 3938 Amplitudo
534 3844 642 3917 vestra
666 3843 789 3914 adme
812 3839 919 3926 misrt3
942 3852 1104 3930 optatque
1132 3854 1171 3909 ut
1199 3839 1403 3930 Amplitudo

183 3939 292 4014 vestra
315 3941 484 4034 speciatim
512 3961 602 4014 cauae
622 3939 741 4012 habeat
768 3947 807 4008 ut
833 3952 912 4006 cum
934 3933 1049 4008 Priore
1064 3933 1278 4026 Bergumensr
1296 3939 1403 4027 quarn

183 4037 330 4128 primum
354 4037 570 4130 tranfigatur,
594 4033 636 4108 ita
660 4049 702 4108 ut
716 4013 905 4126 Epiiiopus
921 4031 1038 4103 dotem
1061 4029 1147 4102 suam
1173 4028 1312 4124 habeat,
1334 4031 1403 4127 qui

183 4131 233 4201 de
255 4149 291 4200 re
307 4133 380 4202 heri
399 4133 594 4206 nominatim
610 4131 653 4206 ad
671 4149 727 4203 me
744 4127 877 4223 scripsrt.
923 4125 1035 4220 Ipsum
1055 4143 1166 4200 autem
1193 4125 1404 4224 Episcopum

185 4222 313 4314 aliquid
326 4224 494 4301 literarum
513 4229 557 4302 ad
576 4229 708 4324 Regem
726 4223 826 4315 dare,
847 4245 917 4298 non
936 4222 1013 4297 esset
1031 4219 1160 4297 sortasse
1177 4223 1332 4300 alienum.

233 4317 291 4394 De
308 4314 509 4418 choraulis,
527 4327 573 4402 ita
596 4341 635 4399 ut
653 4321 852 4417 Amplitudo
875 4319 984 4398 vestra
1008 4319 1215 4486 persclriprlsrt,
1237 4341 1282 4415 eu
1304 4315 1404 4393 literis
