3736 5142
425 455 509 566 256
581 447 888 572 Jononmn
914 447 1193 540 nonnoni
1219 449 1543 548 uutsuouu

467 615 693 692 Denneterius
709 615 797 688 bene
812 631 903 686 nuuc
920 611 1031 703 valet,
1053 611 1134 686 Deo
1150 606 1351 704 adjuvante,
1374 611 1412 686 dc
1434 615 1469 688 io
1487 617 1552 692 hac
1567 639 1646 698 mu·

416 708 812 882 attssttldall
835 707 888 878 ist,
905 706 1642 897 tinellillllllntilliffiltl

804 859 818 895 ,
1482 861 1493 883 .

417 905 501 977 dum
518 903 632 998 potuit
645 903 688 978 ab
705 893 739 976 ie
761 904 963 997 impeuate3
985 902 1042 976 sed
1057 899 1093 972 id
1111 899 1189 991 fiet,
1211 915 1252 974 ut
1269 899 1389 992 ipeto,
1412 923 1490 976 cum
1507 920 1637 1001 tempo-

416 1020 476 1090 τες
499 1001 645 1074 maxime
666 1000 836 1074 crescente
856 997 978 1071 fauore
1010 998 1145 1092 Regio,
1178 1015 1284 1090 quem
1310 996 1346 1066 in
1368 1019 1427 1088 ae,
1456 1019 1560 1092 parva
1583 1005 1640 1078 illa

416 1097 659 1188 quidem‚ied
683 1099 918 1192 eliquatum,
950 1094 1015 1188 jan
1042 1116 1136 1168 nunc
1165 1093 1215 1166 est
1243 1107 1414 1184 expertus.
1461 1095 1506 1168 Et
1531 1099 1636 1174 liteaae

419 1193 661 1286 Amplitudinis
676 1195 797 1268 uestrae
820 1211 1033 1286 nonparum
1051 1191 1155 1264 animi
1172 1189 1218 1261 illi
1234 1187 1360 1261 dediiie
1381 1191 1549 1266 videntur.

466 1291 525 1364 De
542 1291 759 1366 Tzommone
783 1288 1004 1363 nottenhem
1022 1287 1103 1361 mihi
1121 1285 1195 1380 spes
1212 1285 1292 1357 inde
1310 1283 1384 1356 data
1403 1285 1479 1375 est,
1501 1287 1540 1362 dt
1562 1292 1643 1373 hine

417 1385 544 1479 aliquid
567 1388 666 1461 etiam
685 1402 900 1479 procumtum
915 1383 965 1455 est
981 1383 1073 1456 haud
1089 1383 1274 1474 exiguum,
1298 1379 1321 1450 fi
1340 1377 1507 1472 succedat
1557 1385 1640 1461 Bre.

417 1485 509 1562 ulut
522 1483 613 1571 'puto
635 1481 774 1552 sciemus
796 1495 944 1569 queres
971 1475 1104 1548 evadet.
1152 1475 1206 1544 Ac
1230 1487 1393 1563 quantum
1420 1477 1463 1548 ad
1485 1478 1642 1558 Nitzenii

413 1574 473 1645 lilii
500 1574 676 1666 negotium
700 1575 841 1656 attinet,
864 1569 995 1642 rectum
1024 1569 1104 1638 mihi
1127 1569 1263 1639 videtur
1291 1582 1328 1640 ut
1352 1568 1386 1638 in
1414 1571 1450 1642 id
1477 1589 1638 1670 tempus,

412 1669 509 1758 quod
528 1667 727 1759 Amplitudo
750 1663 858 1736 vestra
880 1661 983 1748 dicit,
1005 1659 1213 1752 expectetur.
1261 1661 1425 1754 Mepschii
1447 1665 1649 1760 Epistolam·

323 1837 326 1842 ,
411 1763 553 1874 libenter
579 1761 830 1872 vidi,jamque
854 1755 991 1828 Ftifiam
1017 1755 1163 1830 nostram
1185 1773 1294 1830 totam
1318 1776 1531 1850 repurgatam
1550 1765 1640 1861 effe,

415 1873 636 2026 ensslnacatteffilues
647 1855 1091 2039 eatdaqlitgpraesrffimplimdinis
1108 1944 1226 2019 vestrae
1243 1944 1437 2038 responsum
1453 1951 1525 2044 est,
1547 1891 1639 2032 nunc

412 2047 458 2122 ad
474 2047 584 2122 nostm
601 2047 724 2136 venio,
747 2067 826 2140 quae
852 2063 923 2116 non
948 2040 1024 2115 sunt
1039 2043 1159 2114 multa.
1207 2042 1288 2115 Rex
1307 2039 1502 2120 Cordubam
1525 2055 1634 2144 proxi.

413 2166 474 2218 mo
494 2145 607 2218 meuse
632 2143 874 2239 proficiscitur,
895 2157 1021 2230 meque
1045 2137 1158 2212 secum
1181 2138 1229 2212 ire
1250 2138 1365 2242 juffit
1395 2141 1444 2216 Ibi
1464 2147 1633 2242 utriusque

414 2243 578 2332 Senecae,
601 2239 786 2313 &Lucani
811 2237 979 2330 antiquam
1002 2235 1168 2326 Patriam,
1191 2236 1231 2308 dc
1252 2236 1463 2329 Avicennae,
1484 2245 1636 2318 aliorum·

412 2359 482 2430 que
510 2336 847 2432 praestantissimorum
874 2331 1025 2405 Atabum
1056 2331 1191 2420 sedem,
1215 2335 1355 2408 volente
1376 2333 1480 2428 Deo,
1510 2343 1637 2415 videbi.

412 2454 515 2524 mus,
537 2434 574 2506 dc
591 2434 772 2508 Graoatam
794 2453 835 2506 ac
851 2427 1012 2522 Hispalim
1035 2448 1098 2521 pet
1119 2430 1229 2504 otium
1245 2449 1472 2508 excuroemus.
1519 2437 1587 2526 Et,
1610 2440 1638 2514 st

412 2533 508 2621 quod
533 2531 673 2604 omnino
698 2529 868 2625 speramus
889 2525 1018 2597 bellum
1044 2525 1269 2602 Moriscotum
1292 2529 1382 2600 bene
1407 2531 1505 2604 cedat
1529 2534 1636 2633 (nam

412 2623 476 2719 iam
500 2649 592 2702 nunc
620 2627 831 2703 conditiones
853 2622 945 2716 pacis
970 2619 1091 2696 offerte
1117 2622 1305 2719 dicuntur)
1322 2648 1393 2700 non
1419 2627 1637 2723 dubitamus,

414 2725 498 2815 quin
524 2725 561 2798 in
576 2723 767 2800 Valentiam
781 2723 838 2798 vel
856 2719 1080 2813 Armgoniam
1098 2720 1176 2794 Rex
1192 2720 1233 2794 fit
1257 2720 1383 2814 imum
1405 2725 1448 2797 ad
1467 2725 1637 2823 Reginam

414 2821 671 2912 excipiendam,
696 2821 734 2894 u
753 2817 884 2896 comitia
900 2837 947 2889 ex
963 2836 1060 2887 more
1073 2815 1236 2890 habenda.

461 2917 625 2991 Tectam
647 2917 702 2991 sua
725 2913 882 3010 Maiestas
905 2913 949 2985 de
970 2931 1065 2986 novo
1088 2913 1260 3007 Episcopo
1279 2916 1475 2994 Palenciano
1498 2920 1631 3009 dando,

415 3014 474 3106 qui
498 3014 673 3108 Episcopis
694 3015 822 3108 aliquot
842 3007 961 3083 nostris
986 3007 1186 3119 pcnfionem¹
1203 3012 1326 3106 debet,
1348 3015 1458 3088 donec
1479 3015 1522 3086 de
1542 3015 1632 3090 doti·

411 3109 476 3181 bus
495 3111 557 3184 illis
582 3111 620 3185 fit
639 3110 871 3206 prospectum,
893 3105 1082 3202 quaestvtta
1104 3127 1183 3198 tue,
1201 3129 1289 3183 atine
1311 3109 1409 3202 alipui
1427 3109 1490 3182 lint
1504 3130 1547 3182 ex
1568 3110 1631 3202 iis,

412 3204 473 3369 u
1059 3297 1614 3392 nn

413 3392 575 3482 quidnam
594 3323 769 3502 agensque
786 3398 985 3490 cognorim,
1007 3349 1073 3467 nec
1093 3399 1219 3472 nonde
1236 3397 1479 3470 Leuvatdienli
1494 3357 1637 3474 nostroe,

410 3487 559 3575 addens,
581 3489 663 3564 mihi
686 3491 793 3566 ulderi
815 3495 933 3581 illum,
955 3493 1150 3586 ssmuutque
1173 3493 1453 3588 uapoiieliionem
1471 3494 1521 3569 sui
1540 3493 1638 3592 Epis·

410 3586 552 3679 copatits
568 3585 727 3678 venerit,
749 3588 840 3681 polle
858 3590 1110 3682 apprehendere
1132 3607 1235 3664 totam
1258 3591 1377 3675 dotem
1401 3591 1511 3684 stum,
1534 3593 1579 3665 fic
1597 3608 1635 3666 ut

410 3683 527 3776 pensio
546 3683 638 3758 mille
662 3687 925 3783 quingentorum
943 3687 1141 3761 ducatonun
1155 3707 1256 3780 quam
1272 3685 1397 3774 habet,
1421 3705 1496 3762 tum
1512 3687 1550 3762 stt
1565 3685 1635 3761 ces·

410 3779 540 3871 iatum,
564 3782 625 3857 nist
641 3785 738 3860 vobis
755 3785 850 3858 secus
864 3784 1029 3858 videatur.
1073 3783 1154 3882 Qua
1171 3783 1215 3856 de
1233 3804 1269 3856 te
1285 3783 1344 3857 sua
1358 3783 1517 3878 Maiestas
1533 3783 1635 3877 scrip-

409 3875 449 3946 sit
468 3879 511 3951 ad
537 3879 781 3956 illustrissimum
799 3881 960 3970 Ducem,
985 3880 1211 3980 &mandavit
1227 3895 1267 3954 ut
1285 3878 1453 3974 speciatim
1470 3901 1510 3952 ea
1527 3878 1570 3952 de
1593 3897 1632 3951 re

410 3970 455 4038 ad
471 3975 740 4064 Amplitudinem
759 3979 901 4050 veiham
918 3977 1079 4065 salbam
1102 3991 1141 4048 ut
1158 3979 1238 4050 calm
1253 3977 1370 4051 dot·-
1387 3973 1476 4046 suam
1493 3971 1632 4066 Episco-

408 4078 473 4152 pus
491 4065 742 4143 leonardiensus
762 4072 920 4160 habehit,
949 4071 1151 4163 Amplitudo
1176 4070 1284 4146 vestra
1303 4067 1543 4148 illustriffimum
1569 4069 1634 4142 do·

410 4155 541 4269 minum
567 4157 779 4235 Cardinalem
806 4163 1068 4238 Granvellanum
1098 4165 1170 4260 ejus
1194 4171 1360 4245 continuo
1383 4165 1466 4238 velit
1492 4163 1636 4242 reddere

407 4269 591 4329 certionem.
627 4252 719 4328 Nam
734 4277 812 4349 quae
828 4259 875 4332 illi
889 4261 1035 4336 debetur
1054 4263 1188 4356 penslO,
1210 4265 1276 4359 jam
1295 4265 1366 4338 aliis
1383 4259 1433 4336 est
1449 4260 1637 4355 destinam

407 4351 434 4429 u
457 4351 596 4450 quidem
621 4349 670 4424 illl
690 4351 735 4428 de
762 4353 844 4431 dote
866 4355 933 4452 jam
953 4361 1017 4453 fit,
1037 4361 1094 4436 uel
1111 4359 1380 4456 quamprimum
1396 4359 1464 4434 en't
1478 4357 1637 4526 prospec-

1551 4472 1635 4545 um;
