3736 5142
411 442 496 558 276
560 443 869 556 JOCAHIMI
898 441 1174 526 HOPPERI
1201 439 1523 528 EPlSTOLAE

278 646 284 658 ι
412 603 547 694 Regina
568 600 729 684 veniunt,
751 595 907 668 familiam
931 595 1127 668 admittatur.
1176 595 1221 668 Et
1237 595 1309 668 sane
1327 593 1457 667 redium
1478 595 1560 670 mihi
1576 598 1634 669 vi„
1723 633 1726 638 ·

412 696 485 768 sum
512 693 559 764 est
586 690 1022 782 consiliumAmplitudinis
1046 691 1160 764 vellrae
1185 712 1227 763 ne
1255 692 1291 762 in
1311 689 1522 763 Germaniam
1547 693 1627 764 Fol-

409 791 527 862 cardus
551 805 628 876 eat3
659 787 878 878 dabimusque
903 807 1038 880 operam
1072 803 1110 860 ut
1142 787 1176 857 in
1201 786 1391 880 juniorum,
1434 805 1521 879 quos
1548 785 1627 860 dico

408 884 626 974 Principum,
647 885 705 968 vel
723 885 889 976 Regina,
912 898 968 955 aut
987 883 1081 954 etiam
1105 883 1205 974 ipstus
1222 883 1329 974 Regis
1348 883 1367 976 (
1384 882 1409 953 fi
1424 882 1626 978 Amplitudo

410 979 519 1054 ueslra
542 980 694 1070 patitur)
717 979 884 1052 servitium
899 978 1082 1068 recipiatur.

458 1075 633 1172 Quantum
651 1075 694 1146 ad
722 1073 1024 1161 salmanticenses,
1048 1071 1097 1144 est
1122 1072 1177 1144 hic
1208 1091 1301 1144 nunc
1325 1069 1481 1164 Magister
1495 1069 1635 1160 Bursao,

410 1186 448 1244 ut
468 1173 510 1242 de
528 1169 738 1262 prosedione
758 1172 869 1242 Italica
886 1170 1060 1242 communi
1076 1167 1214 1241 consalio
1227 1167 1416 1240 statuamus.
1447 1165 1566 1238 Visum
1584 1167 1633 1238 est

411 1267 594 1340 convenire
615 1284 681 1354 ut,
705 1267 731 1337 fi
748 1289 815 1360 qua
833 1265 903 1340 fieri
918 1281 1023 1356 queat
1042 1319 1055 1354 ,
1079 1264 1235 1357 proximo
1253 1279 1417 1333 autumno
1429 1277 1529 1350 eant3
1545 1281 1633 1334 eam·

411 1384 481 1453 que
504 1363 547 1434 ad
571 1385 668 1451 rem,
691 1380 852 1453 quantum
877 1361 947 1432 san‘s
972 1359 1052 1452 est,
1076 1359 1188 1431 viatici
1211 1358 1384 1428 moderate
1412 1354 1573 1448 sumant,
1595 1357 1633 1431 in

409 1458 509 1546 hujus
533 1457 633 1542 ipsus
650 1456 812 1524 semestris
830 1454 1010 1541 sumptum.
1058 1452 1116 1524 De
1134 1451 1291 1522 societate
1309 1449 1552 1541 despeximus,
1575 1473 1634 1524 ec·

410 1551 491 1637 quid
507 1549 539 1616 in
557 1547 702 1618 Oratoris
720 1546 869 1629 Veneti,
893 1548 946 1612 vel
966 1545 1048 1613 novi
1071 1545 1277 1629 Cardinalis,
1301 1543 1473 1614 Generalis
1491 1545 1643 1620 fratrum.

409 1640 663 1715 Praedicatorum
691 1637 850 1704 comitatu
871 1637 935 1705 elle
952 1635 1074 1726 poffint
1084 1663 1097 1724 ,·
1126 1636 1182 1706 sed
1196 1653 1321 1730 negant
1339 1637 1372 1707 se
1388 1639 1573 1730 quidquam
1584 1641 1644 1711 de.

405 1731 618 1828 proditione
634 1729 691 1800 sua
708 1731 831 1800 habere
848 1731 939 1802 certi.
985 1731 1105 1820 ltaque
1121 1732 1218 1802 restat
1234 1732 1406 1804 Dominus
1427 1731 1645 1810 Ludovicus
1738 1723 1745 1736 '

407 1832 450 1901 de
466 1829 593 1898 Turres
612 1877 623 1910 ,
645 1823 818 1896 Pontificis
837 1822 880 1892 de
898 1823 998 1894 rebus
1013 1823 1157 1894 Venetis
1172 1845 1212 1894 ae
1229 1825 1385 1896 Turcicis
1398 1827 1530 1917 legatus
1541 1827 1635 1902 Illus-

406 1923 543 1996 triffimo
566 1919 721 1991 Domino
739 1916 907 1988 Cardinali
925 1915 1155 1988 Granvellano
1175 1919 1212 1989 &
1230 1940 1291 2010 per
1315 1939 1394 1992 eum
1412 1923 1537 2012 magna
1554 1925 1630 1996 ami-

407 2020 486 2091 citia
504 2013 736 2105 conjunctus,
758 2013 818 2104 qui
839 2011 1036 2104 propediem
1054 2013 1193 2086 furuists
1211 2014 1356 2085 Romam
1386 2016 1434 2087 ell
1454 2017 1636 2096 rediturus..

407 2113 476 2187 Sed
490 2111 566 2204 quia
582 2107 674 2182 abest
693 2161 708 2198 ,
730 2123 861 2180 eertum
887 2129 957 2180 non
974 2109 1124 2194 scimusa
1145 2112 1268 2183 uerdm
1286 2115 1388 2201 quam
1408 2111 1549 2202 primdm
1566 2134 1626 2184 ue-

409 2209 523 2295 nerit,
553 2204 794 2291 rescil'cemus,
824 2203 861 2274 dt
879 2203 1063 2278 secundum
1081 2205 1146 2282 hnc
1166 2205 1299 2278 consilia
1319 2206 1425 2278 nostra
1441 2206 1636 2300 dirigemus..

409 2304 490 2378 Nec
512 2303 571 2372 abs
606 2322 644 2371 re
664 2301 836 2372 videretur
855 2352 868 2386 ,
891 2300 917 2372 fi
939 2316 1088 2372 extremo
1105 2301 1264 2393 Augusto
1298 2302 1398 2376 nollri
1414 2301 1639 2386 Barcinonana

410 2399 503 2472 resta
523 2395 803 2482 contenderent,
826 2395 938 2487 aliique
965 2395 1154 2468 Dominum
1178 2396 1394 2480 Ludouicum
1409 2450 1429 2487 ,.
1444 2400 1507 2466 vel·
1524 2419 1635 2490 quem

409 2497 546 2578 aliurn,
570 2494 625 2564 cui
642 2513 708 2586 ego
724 2493 799 2564 illos
825 2491 1093 2564 commendarem
1116 2545 1129 2580 ,
1152 2493 1380 2585 expedirent.
1426 2491 1515 2565 Nam
1546 2516 1629 2570 curu

408 2591 454 2662 ilii
480 2609 541 2680 per
556 2607 661 2678 equos
678 2588 802 2660 celeres
819 2585 1039 2662 Barcinonam
1055 2585 1160 2680 usque
1178 2589 1253 2663 sere
1275 2603 1351 2662 eant
1372 2641 1385 2678 ,
1416 2588 1632 2665 necessarium

295 2689 298 2698 '
409 2685 460 2760 est
476 2703 514 2756 ut
531 2683 630 2757 nostri
641 2683 841 2775 praecedant.
889 2683 943 2756 Ac
962 2683 1122 2776 quoniam
1146 2687 1284 2777 quidem
1310 2685 1496 2756 Decarnani
1512 2685 1546 2757 in
1563 2686 1640 2759 hoe·

408 2781 511 2872 magis
529 2780 684 2854 inclinate
703 2780 859 2854 videntur
879 2833 892 2867 ,
915 2795 953 2850 ut
979 2799 1055 2852 cum
1079 2779 1216 2872 reliquis
1242 2781 1277 2853 se
1301 2777 1506 2876 conjungant
1525 2834 1539 2870 ,
1561 2803 1642 2856 non.

409 2877 496 2950 mihi
518 2876 650 2950 videtur
682 2875 844 2950 voluntati
871 2895 989 2951 eorum
1016 2873 1243 2948 obsistendum
1268 2929 1281 2964 ,
1311 2882 1411 2968 qultn
1436 2894 1548 2949 tamen
1571 2878 1631 2950 ubi

410 2971 563 3045 uenerint
580 2972 718 3065 propius
738 2969 946 3065 cognoscam.
994 2969 1086 3042 Nam
1109 2969 1290 3064 Hispaniae
1313 2975 1465 3044 nundum
1490 2971 1637 3040 omnino.

411 3068 526 3180 erecte
542 3089 601 3143 eos
616 3068 697 3142 scire
713 3067 859 3162 suspicor
874 3093 887 3158 ,-
911 3065 1006 3160 quod
1022 3083 1132 3139 tamen
1155 3069 1302 3163 apprime
1329 3069 1463 3140 videtur
1485 3065 1636 3139 necelsa«

411 3183 512 3236 num.

459 3258 567 3353 Quod
583 3261 671 3333 cirea
690 3259 807 3335 uxoris
828 3282 866 3333 ac
888 3258 1065 3336 merorum
1089 3257 1327 3352 profectionem
1357 3258 1485 3330 tantdm
1507 3257 1632 3336 laboris

412 3352 614 3442 Amplitudo
636 3353 742 3426 vestra
758 3355 883 3445 sumit,
905 3358 1062 3428 maximas
1080 3356 1176 3426 utiam
1193 3367 1292 3445 atque
1307 3353 1408 3424 etiam
1419 3353 1536 3430 ‚habeo
1559 3376 1633 3450 gra..

412 3448 481 3520 tias.
530 3445 576 3516 Et
603 3447 679 3516 sane
698 3449 870 3520 voluissem
890 3451 993 3542 ipsam
1018 3449 1160 3544 Regina
1179 3450 1363 3521 adventum
1388 3463 1599 3525 antevertere
1618 3473 1638 3542 3·

410 3541 469 3615 sed
483 3539 620 3634 quando
639 3539 850 3614 lllustaisstmo
864 3543 955 3616 Duci
976 3545 1085 3640 placet
1103 3561 1141 3616 ut
1154 3545 1189 3616 in
1207 3542 1276 3632 ejus
1299 3547 1462 3620 comitatu
1487 3549 1601 3622 veniat
1618 3599 1642 3636 ,.

412 3641 465 3714 uti
485 3635 633 3712 latiffime
650 3637 688 3712 dt
705 3637 892 3713 amicissime
906 3641 947 3712 ad
964 3663 1020 3712 me
1038 3641 1171 3726 scribit,
1194 3639 1261 3730 ipse
1280 3639 1418 3728 quidem
1439 3643 1473 3711 in
1492 3661 1630 3733 genere,

413 3735 471 3809 sed
490 3735 657 3831 speciatim
681 3735 749 3828 eius
765 3735 850 3826 iussu
870 3735 1115 3826 Cortevillius‚
1139 3754 1273 3828 aequum
1294 3731 1342 3803 cst
1360 3749 1400 3822 ut
1418 3735 1640 3826 eipareatur..

412 3832 493 3905 Nec
504 3834 621 3910 dubito
636 3833 716 3928 quin
731 3831 897 3908 Dominus
911 3833 953 3906 de
970 3833 1170 3926 Chantonay
1181 3851 1264 3923 ,pro
1279 3827 1339 3900 sua
1357 3825 1509 3918 summo,
1519 3849 1629 3922 quem

412 3927 543 4020 semper
560 3953 642 4022 erga
658 3951 712 4000 me
730 3931 901 4018 ostendit,
924 3927 1040 4001 favore
1059 3982 1078 4018 ,.
1096 3928 1186 4000 suam
1205 3945 1342 4019 quoque
1360 3944 1493 4016 operam
1519 3924 1565 3996 illi
1589 3924 1629 3995 li·
1673 3955 1681 3970 ·

413 4018 531 4092 benter
556 4024 791 4110 impartietur,
814 4026 956 4093 maxime
985 4023 1214 4096 intercedente
1242 4019 1472 4112 Amplitudine
1496 4017 1603 4092 velita
1617 4073 1642 4109 ,-

411 4113 468 4182 cui
484 4113 585 4201 ipsam
602 4115 638 4182 dt
656 4114 776 4183 liberos
790 4131 879 4188 totos
893 4118 1098 4190 commendo
1117 4139 1156 4189 ac
1180 4118 1371 4190 committo.
1417 4115 1463 4188 Et
1478 4114 1554 4187 sane
1573 4135 1638 4208 per

413 4203 646 4382 ppnpppppn
672 4205 757 4281 milti
771 4207 932 4301 videtur,
955 4211 1052 4303 quod
1072 4213 1262 4290 Dominum
1283 4213 1417 4289 Oudart
1441 4211 1570 4288 socium
1591 4210 1641 4286 illi

457 4329 467 4404 J
625 4355 635 4378 .
