3736 5140
258 515 346 607 'Ab
366 513 601 610 VIGLIUM
621 529 678 604 ln
694 505 899 608 alnas
916 494 1270 616 ammianum.
1294 597 1299 604 ,
1327 535 1409 630 329

197 675 339 752 Domini
366 677 506 774 Joannis
524 695 633 748 ¹manu
656 672 720 764 iarn
748 670 941 746 ¹confirmata
964 671 1031 742 effe
1058 672 1155 746 ualde
1175 691 1369 767 optaremus
1391 719 1407 766 ,

140 853 146 864 ,
187 773 291 865 ¹quod
314 775 350 845 in
364 774 491 866 singula
519 787 689 843 momenta
708 766 935 862 expediamus.
1449 822 1451 826 .

243 867 300 940 De
319 869 509 954 liniendo,
532 865 733 940 Reverende
743 862 920 936 P-raesul-ac
934 861 1077 952 Patrone
1095 866 1194 938 turice
1201 917 1219 953 .‚
1240 864 1304 957 iam
1322 866 1407 938 Am-

194 955 328 1054 plitudo
343 962 449 1054 vestra
470 981 514 1032 ex
542 959 762 1052 superioribus
790 957 890 1030 literis
916 954 1032 1028 nostris
1059 958 1253 1050 intellexit,
1276 979 1353 1032 eum
1370 961 1408 1034 in

199 1057 357 1130 morbum
382 1057 599 1148 quemdam,
626 1055 682 1126 hic
708 1071 780 1126 uun
804 1051 959 1144 temporis
979 1053 1174 1144 popularem
1200 1057 1328 1148 (nulli
1343 1055 1407 1127 alii

201 1148 406 1240 occasione)
429 1149 602 1237 incidilie',
625 1149 680 1219 cui
693 1147 875 1238 postquam·
895 1166 956 1239 pec
978 1145 1054 1218 dies
1080 1149 1270 1239 quindecim
1295 1149 1408 1222 omnia

201 1241 311 1314 divina
324 1241 361 1314 dt
376 1244 520 1316 humana
536 1243 645 1316 officia
658 1241 889 1327 adhibuimus,
901 1257 968 1312 mm
982 1239 1043 1330 ipsi
1058 1263 1167 1314 coram
1183 1243 1296 1335 ego&
1312 1262 1412 1329 uxor,

76 1373 88 1388 ·
164 1406 167 1412 ,
201 1341 303 1430 quarn
324 1337 430 1424 nostri
446 1359 590 1426 omnes,
613 1336 692 1410 nitri
705 1335 844 1428 ,penitus
865 1335 1041 1428 diligentiae
1055 1353 1112 1408 aut
1136 1336 1234 1408 studii
1258 1337 1412 1408 omitten-

204 1446 253 1500 tes
271 1452 285 1517 3
310 1433 440 1505 tandem
459 1433 583 1526 placuit
604 1433 684 1504 Deo
706 1433 835 1522 optimo
850 1431 1019 1518 maximo,
1042 1432 1084 1502 ad
1102 1431 1135 1506 se
1151 1431 1243 1502 illum
1256 1431 1412 1525 (magno

169 1605 175 1614 ,
199 1525 350 1598 omnium
358 1529 506 1600 nostrum
517 1525 655 1618 dolore)
664 1525 792 1598 decima
803 1525 927 1615 quintal
943 1524 1051 1596 morbi
1060 1525 1126 1610 dle,
1136 1524 1203 1594 hoc
1217 1523 1266 1596 est
1281 1523 1412 1598 louv.

202 1618 438 1710 Septembris,
459 1641 592 1694 vocare.
637 1620 781 1714 Juvenis
801 1615 997 1690 sandislimae
1025 1639 1065 1688 ac
1087 1613 1317 1692 honestiffimae
1335 1619 1414 1692 vioe

39 1788 44 1798 ,
176 1711 503 1805 Αἰαωβιᾳρεεείΐει,
513 1701 634 1786 endem
649 1714 755 1784 modo
769 1711 987 1792 ,Sacramentis
1008 1713 1164 1786 omnibus
1175 1714 1414 1788 adminstratls

195 1802 339 1896 piissime
359 1822 514 1876 mortuus
530 1807 583 1874 est
601 1854 615 1888 ,
636 1803 812 1892 voluitque
834 1803 928 1889 apud
944 1803 1050 1876 silium
1076 1827 1193 1876 meum
1218 1807 1415 1895 Tydeman·

201 1920 287 1970 num
309 1901 344 1967 in
367 1897 513 1986 Ecclesia
538 1892 789 1985 Religiosorunr
817 1891 1028 1968 Sandislimae
1054 1895 1225 1978 Trinitatis
1254 1896 1382 1987 sepeliri
1398 1920 1415 1984 4ς

200 1987 299 2082 ΙΙιῃιοά
318 1989 354 2063 dc
375 1987 503 2063 lutum
517 1985 570 2078 est
590 2037 602 2073 ‚
625 1985 775 2076 nihilque
793 1985 947 2058 omilium
963 1985 1057 2076 quod
1067 1988 1121 2058 --ad
1144 1987 1417 2080 Religionem&

170 2151 175 2158 .
204 2083 413 2158 honestatem
431 2083 621 2178 pertineret.
647 2077 886 2170 -lnterfuitque
905 2077 1096 2153 funeri-tota
1114 2080 1216 2152 Natio
1239 2081 1351 2162 nosha
1378 2083 1417 2158 dt

205 2180 420 2273 Burgundica
441 2228 454 2264 ‚
479 2199 557 2250 curn
590 2174 722 2251 summo
739 2175 879 2246 decore
912 2173 1036 2246 Ureret
1059 2193 1173 2248 autem
1193 2175 1317 2267 acthis¹
1335 2199 1418 2251 con·

206 2267 394 2361 solatoriis,
417 2269 474 2346 nilr
494 2267 693 2364 partirnipse
705 2267 923 2342 consolatore
941 2267 1148 2360 unigenam
1169 2290 1309 2366 propter
1330 2271 1418 2348 sum·

204 2389 295 2441 mam
309 2369 435 2462 juveris
451 2365 551 2440 antimi
575 2359 611 2438 dt
637 2365 784 2457 corporis
805 2361 1049 2458 praessnrtiam,
1072 2363 1109 2435 dc
1129 2383 1208 2458 erga
1231 2383 1287 2438 nre
1311 2361 1418 2439 meol-

205 2482 277 2556 que
292 2463 524 2538 observantiam
534 2483 554 2533 a
577 2459 695 2552 partim
714 2459 830 2537 scirem
841 2478 922 2532 cum
951 2457 1181 2551 Amplitudine
1205 2459 1311 2535 vestra
1335 2460 1443 2537 mihi

208 2579 280 2631 reru
305 2560 399 2647 elle,
422 2579 476 2628 co
501 2576 625 2648 nempe
643 2555 786 2627 'homine
811 2554 872 2647 qui
896 2550 1090 2627 Christianis
1117 2555 1153 2626 dt
1182 2555 1419 2648 philosophicis

208 2650 380 2727 Doctrins
398 2647 676 2735 instruentium,
693 2649 732 2722 dc
748 2669 860 2746 rerum
878 2646 1204 2741 experientissimus,
1227 2651 1309 2724 nihil
1335 2651 1418 2744 ejus·

204 2746 306 2820 modi
324 2745 527 2840 opus‘lnbet
546 2767 560 2834 ;
587 2744 645 2817 sed
659 2741 724 2836 jam
742 2745 849 2816 multo
863 2762 941 2816 ante
954 2743 1219 2836 premeditatum
1238 2745 1360 2836 habet,
1377 2747 1419 2822 el

202 2842 284 2934 lege
300 2863 417 2914 omnes
442 2839 596 2913 homines
615 2838 724 2928 nasci,
756 2856 796 2912 ut
814 2838 949 2910 tandem
974 2839 1166 2914 moriantur.
1214 2839 1319 2940 Quod
1342 2856 1420 2940 tum

208 2937 351 3012 maxhnb
370 2936 417 3016 cst
435 2935 694 3028 eupolemum,
710 2955 795 3008 cum
807 2937 912 3024 quom
929 2933 1096 3022 urinhms,
1112 2936 1182 3010 me
1196 2955 1257 3028 per
1269 2951 1421 3024 emuna,

204 3030 278 3103 lsrve
298 3027 414 3120 aliter,
429 3031 511 3122 =quis
532 3045 686 3124 gravatus
702 3027 973 3127 estlconlcientiae
999 3028 1184 3123 scrupulis,
1207 3030 1302 3120 quod
1328 3036 1422 3105 certe

203 3125 341 3218 optimo
358 3125 404 3198 illi
419 3124 535 3217 juveni
551 3123 682 3196 accidit.
1380 3201 1384 3208 ,

258 3219 420 3292 Rationes
447 3239 507 3309 per
535 3218 781 3292 Denneteriurn
804 3217 1050 3310 perscribendas
1065 3219 1314 3309 turabo‚'siue‘
1329 3239 1422 3294 nunc

206 3311 282 3384 lrve
308 3312 461 3402 proximo
481 3311 607 3397 census,
636 3312 695 3384 ubi
713 3311 752 3384 dt
770 3309 999 3388 sexcentorum
1021 3313 1199 3407 Regaliutn
1216 3322 1420 3404 numerum,

207 3423 301 3498 quos
315 3406 481 3477 Montano
496 3406 695 3496 Amplitudo
710 3403 816 3478 vestra
830 3408 947 3497 dedit,
968 3409 1095 3482 mentio
1109 3409 1181 3484 fiet

262 3497 415 3570 Uxor&
436 3497 532 3570 liberi
554 3499 587 3572 se
603 3499 829 3592 Amplitudiui
849 3501 1075 3578 vestmetiarn
1095 3521 1196 3598 atque
1212 3505 1308 3580 etiam
1323 3508 1425 3580 'conr-

208 3591 398 3676 mendant,
426 3591 466 3666 dt
492 3592 635 3683 quidde
657 3596 783 3686 nuptiis
795 3598 933 3688 nepotis
952 3597 1190 3690 Amplitudinis
1206 3599 1323 3674 vellate
1343 3619 1424 3670 cunr

209 3685 459 3854 congrringoinen
482 3706 560 3760 unca
582 3688 682 3762 uidua
708 3687 844 3764 undem
866 3691 1022 3762 futurum
1043 3691 1108 3775 sit,
1130 3689 1228 3762 valde
1249 3689 1347 3760 avide
1366 3709 1426 3760 ero
1483 3707 1486 3716 ·

248 3801 267 3853 θ
357 3803 406 3856 hs.
533 3853 543 3864 ,
630 3817 633 3825 “
1063 3809 1067 3821 '
1394 3860 1396 3865 .

214 3803 427 3974 ⁴1'Quodde
452 3874 554 3947 literis
572 3867 709 3942 Caesaris
722 3867 770 3939 ad
787 3867 920 3940 fratrem
940 3866 1184 3942 Ferdinandutn
1195 3867 1426 3956 mussulam

212 3971 288 4058 ell3
310 3993 386 4043 narn
406 3969 517 4044 voluit
540 3965 598 4037 sua
621 3959 774 4052 Maiestas
801 3960 882 4036 scire
905 3963 1010 4132 ἱὲυε
1034 3977 1073 4034 ut
1098 3964 1142 4035 ad
1160 3959 1425 4054 Amplitudinmi

216 4063 361 4136 uestram
378 4063 438 4136 sub
453 4059 655 4136 cmrfidentia
671 4055 773 4132 libore
788 4053 911 4148 perfers
956 4077 1025 4132 cern
1042 4054 1150 4149 iusl'tt)
1166 4079 1255 4132 unire
1270 4055 1428 4156 Burgun-

215 4155 281 4227 diae
298 4157 439 4246 aliquam
457 4155 568 4230 Casas
591 4153 716 4227 facetat
733 4149 936 4230 mentionem
957 4152 993 4226 in
1015 4151 1113 4228 literis
1130 4155 1195 4230 suia
1215 4153 1424 4232 adiuuem

215 4248 291 4346 Qui
308 4248 484 4340 scrupulus
499 4271 589 4327 nuuc
606 4261 782 4338 exemptus
798 4245 857 4319 ele

265 4340 435 4420 Dominus
449 4361 519 4421 van
538 4344 613 4426 hoo
632 4341 869 4434 nossemquod
882 4321 1160 4511 ραινυὶῗιεῦᾎεω
1175 4335 1426 4439 peusiunculam
