3736 5142
310 437 315 446 .
410 363 497 474 236
531 362 861 477 Joncttlmr
885 357 1171 450 Hortum
1197 361 1525 449 nmsuonn

249 496 255 506 ⁸
413 518 553 612 majores
578 520 643 592 effe
670 517 793 610 regiis,
816 513 995 608 ipsosque,
1028 532 1127 610 capto
1151 517 1335 605 Cadmeo,
1364 515 1430 610 jam
1453 513 1632 590 Tolosanis

415 617 607 702 imminere,
631 613 667 684 &
690 613 854 686 Navarn's-
876 612 1215 707 Angonenfibusque
1238 612 1363 688 minari.
1410 613 1481 686 Sed
1501 613 1631 699 Deus,

415 725 456 782 ut
473 711 589 802 spero,
621 722 711 780 tanta
734 709 824 782 mata
846 723 994 798 avertett·
1014 711 1183 802 semelque
1199 711 1288 786 viam
1304 707 1430 801 aperiet
1450 728 1537 800 qua,
1560 707 1634 780 five

275 803 277 810 '
415 805 503 878 term
521 806 589 878 five
614 804 719 892 mari,
742 825 885 880 unorem
903 804 1114 880 charissimam
1128 827 1207 880 cum
1224 806 1332 879 liberis
1346 804 1462 878 uidere
1475 803 1606 898 poffim.

459 898 600 973 Monsci
625 906 647 976 i
670 899 764 974 solita
787 899 962 975 ferocitate
978 899 1129 976 nondum
1147 900 1332 995 quidquam
1356 886 1552 988 remittunt3
1572 895 1634 970 sed

235 1003 238 1014 '
393 1063 396 1069 .
414 995 569 1090 procedit
583 997 799 1076 illisobvitm
815 997 974 1070 dominus
989 998 1137 1095 Jounnes
1152 999 1195 1071 ab
1215 995 1349 1072 Auum
1359 1045 1372 1084 ‚
1382 1014 1462 1068 curn
1480 995 1634 1088 peditum

414 1092 622 1179 duodecim,
644 1094 799 1186 equitum
819 1112 966 1186 quatuor
978 1110 1035 1166 aut
1050 1095 1205 1189 quinque
1219 1091 1368 1168 millibus
1381 1087 1636 1176 teneamus,

415 1189 477 1283 qui
494 1188 643 1280 aliquid,
665 1207 707 1262 ut
720 1189 842 1284 spero,
866 1189 1023 1264 efficient.

463 1284 520 1358 De
540 1286 649 1381 Regis
667 1287 877 1362 matrimonio
899 1289 979 1362 niril
998 1286 1260 1371 metabuntur,
1283 1281 1344 1354 sed
1357 1281 1543 1374 publicatio
1563 1279 1637 1375 ejus
1766 1335 1769 1341 .

415 1381 451 1455 in
465 1381 567 1457 finem
587 1381 695 1472 usque
713 1384 790 1454 anni
805 1382 918 1452 uuus
935 1381 1112 1467 differtum
1134 1379 1225 1450 &ni
1242 1378 1334 1449 bello
1352 1379 1419 1450 hoc
1438 1377 1639 1452 Gmnatenii

415 1475 674 1566 impediremur,
697 1493 769 1544 non
785 1473 904 1546 desunt
920 1477 984 1566 qui.
993 1475 1062 1544 suae
1080 1471 1247 1562 Maiestati
1258 1472 1374 1543 multis
1390 1475 1502 1545 modis
1514 1474 1638 1544 autho

348 1572 351 1580 ’
413 1589 468 1641 res
488 1566 586 1655 sunt,
609 1584 648 1638 ut
669 1565 765 1638 isthic
787 1568 920 1656 nuptias
943 1565 1205 1654 celebretrsed,
1213 1581 1302 1659 puto
1325 1587 1445 1640 vanarn
1469 1567 1638 1640 comesse

452 1681 518 1732 em.
1627 1719 1634 1730 .

410 1664 555 1830 spBene
574 1759 670 1846 vale,
692 1755 899 1828 Reverende
923 1755 1099 1827 Praesotae
1116 1755 1282 1844 Patrone,
1305 1755 1392 1828 &te
1411 1755 1510 1852 nobis
1526 1755 1639 1848 reipu-

413 1853 515 1927 blicae
534 1871 636 1942 quam
651 1849 827 1922 diutiffime
841 1849 1011 1920 conserva.
1050 1849 1190 1922 Madriti
1209 1851 1266 1924 16.
1279 1847 1360 1945 Julii
1381 1857 1487 1944 1569.
1525 1850 1639 1927 Revo

416 1946 532 2023 rendae
546 1943 787 2039 Amplitudinis
801 1942 920 2018 vetnae
935 1942 1152 2037 pannffimus
1166 1943 1304 2020 servitor
1318 1946 1530 2043 Jonctmtus
1544 1945 1637 2021 Hot-

416 2062 550 2121 nunus.

465 2137 675 2252 Catulogum·
690 2129 908 2212 Bibliothecae
934 2136 1042 2232 Regis
1062 2139 1215 2233 accepi,.
1228 2153 1276 2214 ut·
1291 2138 1513 2238 superionirus
1538 2137 1639 2215 literis·

416 2234 908 2442 meSilrliitr‘itfiagri„anroessirerttgister
925 2331 1118 2441 Vilhelmus
1134 2331 1257 2420 Veen,
1279 2333 1314 2406 se
1331 2333 1382 2409 bis
1404 2336 1448 2408 ad
1465 2335 1641 2410 extraordi·

420 2447 554 2537 nanum
578 2425 833 2538 Connuaratum
861 2427 1048 2540 Brabanure
1067 2427 1132 2537 effe
1150 2432 1373 2539 ‘nominatum
1393 2454 1412 2524 3·
1438 2431 1639 2526 rogavitque

420 2523 1645 2730 imminuit?”iimitz‘ittitttitum:

421 2717 624 2810 phrodinem
642 2715 787 2789 vestram
800 2715 1017 2807 scnpturam3
1039 2717 1136 2810 quod
1152 2737 1224 2790 non
1240 2719 1336 2792 volui
1355 2720 1520 2795 omittere.

465 2811 544 2886 Post
565 2813 623 2888 has
645 2810 784 2905 scriptas
797 2812 915 2904 accepi
942 2813 1052 2886 literas
1091 2811 1334 2907 Amplitudiois
1361 2816 1481 2890 vestrae
1510 2817 1644 2894 XXVit

420 2905 514 3002 Junii
530 2911 622 2982 datas
642 2961 654 2995 ‚
676 2909 721 2980 ad
740 2927 823 3000 quas
839 2929 932 2981 nunc
957 2929 1029 2981 non
1046 2907 1095 2980 est
1112 2909 1219 2984 otium
1235 2927 1274 2984 ut
1297 2909 1524 3005 respondeam.
1570 2914 1646 2986 Sed·

420 3007 528 3079 multa
547 3006 720 3079 continent
742 3003 865 3096 optima
892 3056 905 3090 ‚
928 3003 965 3076 &
988 3026 1067 3096 quae
1088 3023 1215 3100 magno
1241 3007 1312 3100 hic]
1320 3023 1418 3081 erunt
1439 3005 1522 3078 usui.
1568 3007 1639 3080 Co·

421 3099 650 3192 giuviautem
666 3123 752 3178 anne
765 3123 827 3194 per
846 3101 971 3174 srivum
988 3101 1129 3178 dotium
1139 3105 1238 3190 ‚rive
1255 3103 1448 3189 Gallicum,
1472 3103 1541 3175 sive
1564 3103 1641 3174 An

420 3195 576 3288 gneum,
601 3198 669 3269 huc
686 3198 792 3290 poffet
812 3198 930 3270 venire
949 3217 1037 3270 uxot
1056 3219 1070 3288 3
1091 3201 1160 3292 qui
1184 3198 1237 3270 de·
1250 3219 1285 3270 re
1312 3197 1412 3268 velim
1439 3197 1642 3290 Amplitudo

420 3287 528 3361 vestm
539 3287 728 3380 deliberet,
752 3293 790 3364 ot
807 3293 903 3386 quod
918 3296 1084 3387 optimum
1106 3295 1267 3384 videtur,
1289 3292 1336 3366 illi
1349 3291 1507 3384 suadeat,
1523 3293 1662 3369 XXV..

423 3383 540 3485 Julii,
558 3405 648 3459 anno
669 3385 832 3478 utsupra.
887 3480 890 3489 ,
1143 3423 1145 3428 ·
1579 3449 1583 3460 .
1633 3411 1637 3420 ·

595 3563 1068 3658 EPISTULA
1143 3575 1486 3659 LXXVII.

476 3765 597 3856 Auo.
629 3765 709 3852 De.
727 3765 894 3880 negotiis
919 3764 967 3854 V
963 3766 1080 3894 igin,
1102 3765 1281 3880 privata.
1336 3739 1543 3880 Princioes
1564 3765 1650 3856 Bo·
1800 3833 1810 3854 .

301 3897 306 3906 ·
423 3877 555 3965 hemiae
573 3879 679 3985 brevi
697 3878 739 3963 in
759 3885 1012 3966 Germaniam
1037 3883 1161 3966 nori.

426 4043 505 4320 ἓ.
528 4141 567 4215 Ρ.
599 4141 899 4253 Timomabhine
931 4146 1062 4224 diebus
1089 4156 1278 4251 quinque,
1313 4155 1391 4250 plus
1411 4153 1523 4226 minus
1549 4201 1563 4237 ‚
1593 4167 1653 4242 pot

439 4241 605 4322 ’ursonem
622 4237 825 4316 ordmauum
845 4241 911 4317 late
929 4247 1086 4326 omnibus
1114 4251 1158 4326 de
1185 4251 1286 4328 rebus
1311 4249 1518 4344 scripserim,
1540 4247 1656 4323 Reve-
