3736 5142
313 381 397 502 'no
414 403 650 496 vrorrotr
669 393 942 488 tn'AYTTA
957 393 1306 492 zurorrntrtnr.
1363 401 1414 488 28
1419 419 1443 512 t

273 563 315 638 'A
331 563 391 662 cest
412 561 535 657 instant
551 577 596 656 ay
614 579 708 632 receu
724 558 835 630 lettres
853 561 895 630 de
907 555 1033 630 mendic
1043 552 1201 651 seigneur
1217 561 1249 630 le
1274 559 1446 634 Cardine!

222 663 269 734 de
297 659 476 733 Granvelle
503 659 550 728 du
571 659 692 752 quinae
711 657 755 726 du
766 651 858 748 paffe'
878 705 890 742 ‚
914 657 974 746 qui
990 649 1027 743 se
1045 669 1139 745 porte
1162 655 1238 723 bien
1258 651 1299 726 &⁶
1314 653 1358 748 est
1383 659 1441 728 de-

219 764 306 852 pute,
321 773 393 853 par
417 754 448 828 le
469 755 543 844 Roy
561 775 668 850 taoecq
692 751 723 824 le
749 751 921 826 Cardtm
937 753 976 824 dc
993 746 1135 820 Pachcco
1145 763 1236 844 pour
1254 749 1388 821 traiiirr
1403 755 1443 826 la

221 851 319 952 ligne
335 869 443 926 contre
459 851 489 922 le
508 845 541 922 Τ
537 872 628 946 urcq.

321 1029 783 1121 EPISTOLA
865 1026 1402 1112 LXXXXVII..

239 1225 245 1234 '
278 1205 398 1310 Ano.
498 1215 599 1305 ercle
629 1214 759 1342 Ducis
782 1207 1053 1330 Letharingiae
1070 1217 1113 1304 de
1133 1209 1323 1328 Beneficio
1348 1231 1481 1343 qun·

222 1331 312 1424 dam
323 1331 435 1421 Ecclc
448 1327 581 1442 tostico.
621 1325 751 1416 Petu--
773 1325 979 1440 Hopprrus
1007 1325 1218 1425 Pictorum
1233 1323 1454 1444 (effigiem

75 1557 78 1562 Ι
223 1447 363 1546 ordo,
392 1439 608 1557 inteiligit)
627 1437 807 1584 Rudinus·
824 1439 960 1556 Regis.

224 1595 300 1799 S.
323 1699 362 1774 P.
394 1693 599 1790 Reverendo
623 1689 773 1786 Pru'sol'⁹
792 1698 954 1790 quoniam
984 1691 1222 1772 nudiustertius
1242 1693 1375 1792 script,
1399 1691 1451 1771 &5

218 1795 410 1887 partictuate
427 1793 585 1884 respondi
599 1793 643 1858 ad
655 1795 766 1860 literas
780 1791 1020 1879 Amplitudinis
1036 1793 1155 1864 vestrae
1164 1793 1224 1864 lV.
1234 1787 1451 1884 hujusmenss

221 1889 264 1962 ste
285 1891 475 1974 diodotus,
504 1885 628 1974 quibus
655 1883 791 1954 aliarum
817 1883 964 1973 plurium
992 1887 1144 1974 exempla
1173 1883 1284 1973 iunco
1315 1906 1436 1958 etone:

220 1983 421 2058 nihilnunc
447 1977 480 2050 se
507 1976 606 2051 offert
622 1977 800 2069 scriptione
824 1975 988 2070 dignum,
1012 1977 1070 2050 nist
1090 1993 1129 2048 ut
1152 1997 1215 2066 pto
1232 1977 1349 2052 debito
1366 1979 1440 2054 offi-

219 2081 275 2153 cio
295 2077 467 2152 neminem
489 2073 568 2146 hinc
586 2074 677 2146 abire
694 2073 798 2166 potiar
813 2073 866 2145 coi
884 2091 955 2146 non
970 2071 1093 2166 aliquid
1108 2073 1275 2146 literarum
1294 2075 1337 2146 cd
1354 2078 1438 2148 Am-

221 2174 418 2272 plitudinem
440 2169 585 2244 veiham
603 2172 753 2243 tredan·
1250 2201 1253 2208 ·
1367 2223 1371 2232 .
1443 2203 1446 2208 ·

162 2265 169 2278 '
269 2271 376 2344 Venit
402 2265 454 2342 his
480 2265 599 2340 diebus
627 2267 740 2340 nescio
759 2266 841 2360 qnid
866 2266 1009 2360 querele
1030 2267 1073 2340 ab
1090 2265 1192 2340 Duce
1216 2267 1442 2362 Lotiraringiae

106 2411 112 2424 ·
220 2365 322 2461 supet
354 2366 501 2440 Ptiotatu
531 2359 682 2458 quodam
700 2363 922 2456 dependente
948 2363 992 2436 eb
1020 2361 1166 2436 Abbatia
1188 2363 1332 2455 quadarn
1358 2363 1440 2456 soa,

222 2477 263 2536 ut
287 2461 344 2536 aiu
376 2462 462 2536 Non
481 2460 549 2534 vidi
566 2459 701 2553 quidem
720 2461 833 2533 adhuc
850 2459 984 2548 omnia3
1006 2459 1064 2532 sed
1088 2475 1253 2554 quantum
1276 2456 1439 2552 conjicio,

221 2557 282 2635 niss
299 2555 597 2645 vobistconsuitin
618 2557 700 2634 nihii
719 2556 842 2650 poterit
859 2557 915 2632 hic
932 2555 1084 2640 absolth
1101 2556 1207 2633 statui.
1253 2556 1439 2633 Plurimum

220 2656 324 2729 velim
336 2653 602 2746 Amplitudinetn
617 2653 757 2728 vestram
775 2669 992 2746 rogatam,ut
1002 2653 1196 2745 exemplum
1214 2651 1355 2726 Piciurae
1366 2654 1438 2727 Re-

219 2752 273 2844 gis
290 2751 393 2824 nostri
413 2747 580 2830 Rudbodi¹
602 2749 623 2844 (
633 2765 672 2820 ut
699 2748 898 2842 suspicamur
918 2755 931 2838 )
957 2747 1001 2821 ad
1024 2771 1079 2821 me
1104 2747 1236 2820 mittere
1265 2747 1437 2842 dignetur.

221 2845 297 2917 En't
314 2848 403 2917 enim
423 2866 474 2917 res
497 2843 563 2918 suae
589 2843 753 2936 Maiestui
768 2848 872 2940 longe
894 2843 1080 2939 gratiffina.

265 2939 442 3036 Quoniam
460 2940 651 3028 Dominum
671 2939 918 3014 Chnnoneium
939 2941 1019 3014 Rex
1041 2941 1086 3014 ait
1110 2961 1189 3014 cum
1213 2939 1348 3033 Regirn
1366 2959 1437 3016 non

124 3103 128 3109 .
218 3054 426 3127 venturum
446 3057 517 3112 non
536 3035 657 3108 dubito
677 3037 739 3109 elia
755 3037 879 3112 ratione
896 3037 990 3112 isthic
1005 3053 1219 3128 procuratum
1236 3037 1275 3109 iri
1292 3051 1333 3108 ut
1350 3057 1439 3127 uxor

219 3131 369 3208 &liberi
393 3153 472 3206 cum
495 3131 618 3204 familia
648 3133 762 3204 venire
787 3133 920 3226 poiiint.
968 3133 1113 3230 Quidam
1135 3131 1189 3206 hic
1211 3131 1260 3206 est
1285 3129 1440 3223 Cantor,

219 3229 381 3320 quiol'nn
404 3226 675 3314 ab,i11usttiiiirna
701 3229 837 3316 Diuisio
861 3231 1009 3304 rotulum
1032 3229 1127 3302 suom
1157 3228 1257 3320 super
1285 3227 1438 3322 Soignies

219 3323 281 3396 fibi
297 3343 505 3418 preceptum
535 3325 754 3416 conqueritur
782 3346 861 3398 cum
889 3325 1038 3400 absentis-
1054 3322 1225 3417 cujusdam
1247 3323 1292 3396 ob
1311 3325 1437 3402 crimen

218 3415 398 3510 neiirnotn
413 3418 611 3497 beneficium
628 3419 810 3496 nesciocui
828 3419 883 3498 ilia
898 3423 1081 3496 conferret.
1128 3419 1271 3499 rorone
1287 3442 1358 3494 non
1377 3424 1436 3498 abs

217 3533 257 3586 re
273 3515 445 3604 queritur3
466 3511 524 3588 sed
542 3514 618 3607 post
636 3530 763 3592 tanturn
780 3520 941 3612 temporis
959 3517 1136 3606 exartum,
1160 3539 1230 3590 non
1247 3516 1351 3608 video
1365 3539 1438 3610 quo

215 3609 320 3704 nocio
340 3611 524 3685 remedium
548 3612 580 3686 ei
604 3611 802 3686 reiodferri
824 3615 958 3708 poterit.
992 3613 1104 3699 eura,
1127 3611 1338 3684 Reverendo
1349 3613 1437 3684 Prae-

214 3705 299 3794 firi,
320 3707 447 3801 optime
469 3707 634 3794 Patrone,
656 3727 693 3780 ot
709 3711 839 3794 valeas,
863 3709 901 3778 ot
917 3727 950 3776 te
969 3707 1116 3778 nobisne
1133 3705 1338 3792 Reipubucae
1353 3723 1437 3788 con,-

213 3799 365 3893 ἔθαψα·
393 3803 578 3889 Folcardue
597 3801 726 3891 optime
748 3801 838 3886 valet
859 3799 897 3866 ἃ
915 3799 992 3888 agit.
1039 3795 1311 3866 Salmatcicenses
1328 3813 1437 3868 extre.

216 3917 279 3972 nro
296 3898 454 3995 Augusto
471 3893 645 3990 expecto,
677 3909 717 3964 ut
744 3891 963 3963 Barcinoncm
986 3888 1075 3960 recia
1098 3903 1204 3977 eant,
1226 3887 1373 3981 indeque
1400 3892 1436 3968 in

215 3993 341 4078 Iuiiatn
364 3995 594 4076 constrictant.
641 3986 779 4081 Raptim
796 3984 930 4070 Madnti
950 3984 1009 4059 28.
1034 3983 1113 4080 Julii
1139 4002 1239 4077 1570.
1263 3981 1437 4066 Reveren-

218 4087 272 4162 ce
295 4091 535 4184 Amplitodinis
560 4083 680 4160 vestre
703 4082 917 4176 pttaoffimus
936 4082 1076 4156 servitor
1104 4082 1316 4179 Joncntuus
1340 4083 1436 4161 Hoe-
1484 4083 1491 4096 '

217 4200 350 4257 eorus.
396 4187 432 4261 Si
454 4181 618 4277 Magister
635 4181 784 4276 Jacobus
811 4181 1021 4256 Deventrius
1044 4177 1183 4254 absolvit
1207 4179 1301 4256 suurn
1318 4203 1435 4274 3opuo,

218 4277 482 4367 acceptiffirnum
505 4281 565 4352 etit
588 4278 654 4355 suu
682 4276 848 4369 Majestati
872 4295 911 4348 ut
935 4276 1201 4370 quamprimum
1224 4279 1371 4354 nutntut
1395 4277 1433 4348 ἃ

216 4374 365 4484 poterit,
387 4373 581 4466 fividetur,
601 4373 686 4450 tradi
703 4373 800 4449 uxori
816 4370 1074 4468 perferendum.'

856 4671 879 4724 ι’
1023 4703 1039 4729 0
