3746 5142
235 499 330 596 au
345 491 583 592 norrun
602 510 660 582 n
678 488 885 581 Arrun
905 487 1257 590 zmmrnnmr
1317 521 1390 616 141

22 671 23 742 3
183 664 320 740 cationis
340 683 353 752 3
376 655 623 748 &jambterae
650 652 774 727 Romae
793 701 806 740 ‚
826 649 876 722 uti
897 648 1089 742 putat‚elle
1107 647 1292 746 expeditas.
1315 661 1399 737 Dixi

22 757 23 836 ζ
182 760 322 854 Amplit.
345 754 487 830 vestram
513 752 614 824 rebus
650 747 794 820 Domini
810 743 970 840 Episcopi
994 745 1143 836 impense
1170 749 1321 845 favere3
1343 759 1395 852 ip.

22 845 23 920 ἑ
183 855 322 951 sumque
334 852 421 926 adeb
447 849 557 924 virum
586 843 839 942 essedirrflguiter
867 841 1033 914 eruditum
1052 893 1066 928 ‚
1087 843 1222 952 pium,
1254 849 1292 920 dc
1318 873 1398 944 pro-

22 947 23 976 *
183 953 297 1039 bum,
321 1025 324 1032 ,
345 933 904 1032 ᾶωυπετὶωἱρπροῡωεείὶ,
926 935 1057 1030 prorsus
1084 939 1275 1036 idoneum,
1302 947 1400 1040 quod

22 1101 23 1104 =
183 1046 250 1121 fuae
267 1040 434 1134 Maleum
449 1037 593 1110 mnfice
603 1031 738 1126 placuit.
816 1125 825 1143 ⁸
981 1128 988 1142 ¹

22 1131 24 1198 ἒ
232 1141 385 1212 Mortem
402 1133 481 1226 Julii
496 1129 990 1220 Procuratorisnollrr30ptimr
1000 1126 1077 1204 sane
1095 1131 1282 1221 viri‚valde
1294 1135 1405 1214 doru,

187 1233 271 1307 Nec
290 1233 401 1306 minus
420 1227 570 1320 displicet
593 1225 685 1317 quod
705 1221 832 1314 reieiiis
847 1225 967 1297 nostris
982 1224 1175 1299 hominibus
1192 1229 1219 1300 is
1243 1229 1402 1308 successor

189 1329 290 1402 datus
316 1325 392 1414 est,
415 1327 475 1414 qui
495 1341 608 1412 neque
627 1320 805 1411 linguam,
826 1337 940 1410 neque
958 1339 1071 1392 mores
1085 1325 1209 1410 novit,
1231 1345 1342 1419 neque
1361 1345 1401 1402 ea

188 1425 326 1498 videtur
344 1421 524 1514 gaviam
548 1431 587 1490 ut
603 1414 719 1488 nostris
737 1414 931 1490 hominibus
947 1416 1079 1508 placere
1103 1415 1213 1510 possit.

236 1515 418 1611 Supersunt
440 1513 554 1590 merrse
571 1511 758 1604 Septembri
781 1508 910 1602 scripta
933 1513 1035 1586 litera
1053 1535 1067 1602 3
1093 1536 1136 1588 ex
1161 1535 1307 1607 quarum.
1329 1520 1409 1595 sen.r

159 1611 163 1620 '
185 1614 288 1688 tentia
330 1612 477 1686 laboravi
503 1612 547 1684 de
578 1609 748 1683 nanfione
776 1605 995 1684 llustnffunae
1034 1609 1193 1686 Domine
1215 1613 1359 1690 Ducillae
1385 1669 1401 1708 ‚

185 1723 348 1798 quantun
367 1709 465 1802 potui
483 1761 494 1792 ‚
510 1706 549 1780 dc
569 1711 638 1780 una
656 1703 826 1779 Domum
844 1707 1017 1796 Tysrracus
1028 1726 1038 1774 ι
1050 1727 1128 1782 nam
1146 1731 1200 1784 res
1217 1730 1287 1784 non
1304 1713 1400 1788 Con·

185 1805 258 1878 filio
274 1805 400 1902 (certis
417 1802 516 1876 nobis
531 1795 784 1892 presentibus)
807 1797 865 1868 sed
883 1795 966 1887 jussu
981 1799 1087 1891 Regis
1101 1823 1162 1893 per
1191 1826 1256 1878 nos
1282 1809 1370 1882 duos
1387 1861 1409 1899 ,.
1476 1833 1482 1844 ·
1535 1803 1538 1810 ’

186 1920 267 1975 cum
291 1899 426 1974 Comite
442 1894 615 1980 seriano,
637 1891 676 1964 bc
690 1891 846 1966 Domino
871 1893 1022 1964 Antonio
1053 1895 1097 1964 de
1122 1896 1252 1968 Toleto
1276 1921 1408 1992 magno·

22 1939 23 1946 ἵ
182 1993 329 2084 Priore,
352 1994 425 2070 ada
439 1994 499 2066 alb
543 1989 612 2064 Sed
627 1987 662 2059 id
683 1984 803 2080 Regiae
822 1983 985 2078 Maiestati
1006 1985 1129 2076 placuit
1142 1991 1240 2078 quod
1265 1995 1408 2070 videtin..

185 2090 282 2188 Quid
304 2089 410 2166 causae
429 2090 469 2160 srt
488 2139 501 2174 ‚
523 2084 636 2158 nescio
654 2104 668 2172 3
690 2081 752 2152 nifi
772 2079 869 2172 quod
884 2080 995 2152 virum
1011 2081 1049 2152 iir
1066 2081 1168 2154 rebus
1185 2134 1199 2172 ,
1220 2105 1297 2175 quae
1312 2087 1406 2160 inili-

182 2201 328 2260 tuuntur
353 2235 367 2269 ‚
395 2183 601 2252 idoneiorem
640 2175 771 2250 fornue
799 2175 882 2249 Rex
911 2187 1006 2263 putat
1032 2225 1045 2263 ‚
1078 2180 1183 2266 quam
1215 2182 1409 2259 mulierem..

183 2279 271 2366 Ego
287 2276 354 2346 suae
371 2271 587 2348 celsitudinis
601 2270 782 2357 viantem,
798 2267 901 2345 fidem
919 2267 957 2340 dt
975 2268 1209 2364 vigilantiam,
1231 2293 1412 2370 nunquam.

185 2369 312 2442 cessavi
328 2368 532 2461 predicare,
549 2378 588 2438 ut
603 2363 707 2439 debui
722 2384 736 2453 3
756 2363 932 2459 propositis
947 2369 1049 2459 porro
1064 2363 1309 2448 difficultatibus
1327 2395 1410 2470 qua

185 2463 476 2540 urmuuuonese
497 2463 650 2537 offerent.
910 2517 917 2532 .

147 2573 152 2584 '
236 2560 302 2635 Uti
315 2561 358 2634 ad
375 2561 557 2636 Dominam
575 2563 678 2654 quim
695 2561 794 2652 potui
805 2555 1034 2640 offidollffime
1055 2557 1166 2658 scripsi
1182 2617 1195 2656 ‚
1218 2561 1410 2660 gratiasque

185 2655 248 2750 egi
266 2657 309 2730 de
327 2655 462 2730 summis
481 2656 517 2728 in
534 2675 591 2730 rue
604 2653 774 2730 beofficiis
789 2677 802 2746 3
816 2655 860 2728 ita
873 2657 1026 2732 omittere
1038 2678 1109 2732 nou
1124 2663 1220 2752 potui
1232 2662 1317 2756 quin
1332 2664 1409 2738 Do·

186 2755 287 2826 mino
301 2751 393 2826 Duri
410 2753 618 2844 gratularer,
640 2750 685 2824 de
707 2773 808 2826 novae
823 2751 991 2844 dignitatis
1007 2753 1188 2830 accellione
1209 2779 1219 2828 :
1247 2757 1308 2849 qui
1332 2760 1406 2849 qui.

188 2847 273 2920 deur
297 2849 347 2920 uti
374 2846 495 2922 intuitu
526 2847 666 2940 Amplit.
700 2846 820 2920 vestrae
848 2845 977 2922 summa
993 2870 1050 2926 rue
1077 2849 1207 2946 semper
1231 2853 1411 2926 voluntate·

188 2942 390 3033 complexus
402 2943 479 3032 est,
501 2943 546 3018 ita
568 2944 673 3036 opera
690 2941 837 3032 ejusdem
856 2993 870 3031 ,
891 2943 941 3016 uti
959 2942 1086 3034 spero,
1109 2965 1183 3020 eam
1208 2966 1279 3022 non
1301 2949 1406 3042 depo·

185 3054 280 3124 net,
305 3036 364 3110 sed
384 3039 422 3110 bc
439 3039 632 3112 cumulabit.
671 3037 846 3112 Hactenus
865 3059 918 3110 res
935 3039 1142 3132 fingulorum
1168 3041 1226 3114 sua
1251 3042 1415 3135 lvlajellas·

189 3128 319 3208 distulit
338 3157 352 3224 3
372 3139 567 3210 nunoverb
588 3134 747 3227 perdatim
761 3133 863 3208 finem
878 3134 941 3206 illis
958 3134 1131 3227 inponere
1148 3139 1238 3210 velle
1252 3143 1313 3212 aitr

239 3229 298 3302 De
314 3250 391 3304 cura
408 3232 550 3324 Amplit
574 3229 692 3304 vestrae
709 3282 722 3320 ‚
745 3249 848 3322 quam
867 3229 912 3302 de
927 3249 1037 3304 uxore
1054 3231 1091 3302 dc
1107 3232 1225 3306 familia
1243 3231 1374 3326 suscipit
1393 3287 1414 3325 ,.

189 3325 345 3417 ingentes
356 3325 467 3401 habeo
486 3326 635 3422 gratias,
660 3325 696 3398 δι
718 3340 757 3398 ut
770 3325 859 3398 hanc
883 3344 1012 3398 moram
1031 3327 1175 3402 nostram
1203 3329 1312 3403 minus
1334 3352 1408 3424 grat

190 3423 274 3492 uate
294 3417 408 3510 ierat,
429 3423 478 3494 uti
504 3421 673 3496 hortando
701 3418 964 3496 &consolando
989 3443 1171 3514 procurare
1196 3426 1310 3513 velit,
1334 3445 1417 3502 oro.-

192 3511 332 3586 Eteninr
347 3513 408 3588 nili
421 3517 532 3608 primo
549 3519 632 3592 vere
658 3515 861 3607 veniamus,
883 3517 1108 3594 omninoeam
1126 3519 1194 3593 huc
1209 3521 1361 3612 tvocabo.

240 3605 384 3696 Restat,
403 3609 603 3686 Reverende
621 3611 773 3698 amful,
798 3627 836 3683 ut
846 3615 970 3686 ,valw
998 3662 1011 3698 ‚
1043 3613 1082 3684 ἃ
1107 3637 1192 3698 me,
1222 3630 1261 3686 ut
1290 3613 1372 3684 facis
1395 3666 1418 3700 3.

192 3725 298 3778 ames.
330 3705 499 3803 Quoniam
515 3711 624 3782 literas
638 3727 757 3780 omnes
773 3725 843 3778 uno
858 3723 1009 3794 tempore
1029 3705 1198 3777 absolvere
1213 3728 1283 3778 non
1295 3707 1410 3796 potui-

193 3821 270 3874 mus
288 3801 331 3872 ad
352 3823 470 3876 omnes
496 3805 608 3878 status
626 3801 664 3872 dc
694 3800 889 3888 Civitates3
918 3800 994 3886 post
1021 3798 1191 3870 discessum
1208 3797 1306 3888 hujus
1326 3819 1416 3874 mora
1521 3875 1526 3886 ,

193 3897 297 4005 adum.
317 3897 482 4008 cursorem
496 3897 743 4008 adornabimus.
791 3890 1002 4003 Quidisthic
1025 3911 1137 3962 rerum
1165 3907 1312 3984 agatur,
1333 3895 1412 3992 post

192 3985 1267 4196 terminatur‚sentilianam
1285 3991 1419 4166 aar

196 4179 557 4346 renpaeHAmplitudinis
582 4185 702 4260 vestre
717 4183 848 4278 semper
861 4177 1075 4278 paratrffimos
1100 4180 1239 4258 servitor
1264 4186 1418 4282 joacin*

198 4293 257 4345 uu
336 4296 514 4354 oraturus..
873 4321 879 4328 -
