3746 5142
426 479 513 594 13⁶
570 473 889 594 Jonommr
919 408 1205 564 nonaum
1236 471 1558 566 uorsrorm

421 639 654 724 Pontificem,
686 636 923 729 Imperatorem
948 686 962 722 ‚
985 633 1024 707 dt
1057 633 1168 722 alios,
1190 631 1312 724 quibus
1337 633 1440 708 causae
1465 637 1636 715 retardatae

423 732 642 831 profectionis
663 748 899 823 exponuntur.
934 729 982 803 Et
1005 729 1125 822 iamin
1148 729 1287 802 eandem
1311 729 1504 805 sententiam
1529 735 1639 808 literar

420 833 544 906 advos
566 829 776 901 adornamus.
814 827 938 899 Veram
957 825 1083 898 causam
1102 825 1245 918 Amplit.
1265 825 1369 895 vestra
1395 825 1527 898 formare
1545 831 1638 920 apud

419 927 457 1002 se
479 926 553 1000 satis
571 926 697 1018 cogitat
712 947 726 1014 3
744 925 814 1006 -hoc
836 923 889 998 est
907 976 920 1008 ‚
940 937 981 994 ut
997 921 1173 1014 postquam
1194 920 1297 1013 rigori
1318 941 1379 1010 per
1396 919 1475 992 aiios
1497 921 1637 998 satisfac·

423 1021 611 1108 manserit,
644 1020 724 1092 Rex
743 1041 821 1094 cum
848 1018 948 1113 gratia
966 1018 1001 1090 dt
1032 1017 1208 1126 clementia
1236 1015 1419 1122 adveniat:
1448 1015 1506 1088 sed
1527 1039 1563 1090 ea
1590 1019 1634 1094 ad

421 1139 486 1287 3⁰⁸
504 1109 1635 1300 tt..taidi‘itt-J‘ttt‘i‘ttittttvisitati...&itti

423 1235 531 1384 dubio
547 1307 741 1402 hujusmodi
764 1234 869 1395 suni,
893 1323 932 1378 ut
948 1233 1052 1379 ficiem
1079 1304 1189 1377 facere
1213 1299 1368 1372 debeant
1413 1257 1635 1395 Prae'terquam

421 1409 511 1481 enim
530 1407 624 1496 qood
644 1402 805 1476 veriffima
823 1403 860 1474 dt
874 1400 1056 1495 gravissima
1076 1398 1182 1486 sunt,
1204 1392 1423 1470 neceffitatem
1440 1419 1578 1492 quoque
1597 1399 1634 1475 dt

418 1501 658 1594 obligationem
675 1498 853 1569 inducunt
1214 1547 1221 1554 .

477 1591 722 1666 iilustriiiimam
749 1589 932 1660 Dominam
970 1585 1139 1660 Duciiiam
1163 1587 1266 1658 nolim
1293 1587 1362 1660 hoc
1391 1600 1542 1683 tempore
1569 1607 1633 1666 mm

420 1689 530 1763 alieno
553 1683 740 1758 miiiionem
771 1681 910 1777 petiisse.
956 1681 1016 1754 Ne
1041 1685 1233 1774 impetret,
1259 1683 1495 1756 adlabommus
1516 1688 1635 1762 Domi-

418 1805 484 1857 nus
505 1782 679 1875 Tysnacus
698 1779 736 1850 dt
755 1799 833 1872 ego.
880 1777 950 1849 Alii
965 1775 1053 1848 aliud
1070 1775 1187 1850 sentire
1212 1775 1249 1850 dt
1275 1777 1411 1852 suadere
1441 1780 1637 1874 videntur3

419 1901 485 1955 nec
501 1878 584 1952 nihii
598 1875 744 1986 poiiunp.
792 1871 886 1970 Quid
901 1871 1150 1962 futurumst,
1172 1871 1266 1947 brevi
1282 1895 1334 1948 res
1347 1873 1515 1951 indicabit.
1555 1879 1637 1954 Plus

416 1970 683 2164 mleiteusnelfflrs
709 1969 1006 2157 gmissffifgemp
1023 2065 1085 2176 piat
1102 2067 1388 2177 memoriae‚idem
1407 2067 1502 2178 quod
1520 2069 1641 2160 uobis,

419 2157 531 2243 visum
549 2166 649 2237 nobis
671 2163 720 2235 est
737 2183 751 2250 3
771 2159 811 2232 da
832 2161 901 2248 stc,
923 2163 1074 2254 pauculas
1088 2180 1270 2254 exceptu,
1292 2165 1511 2238 obtinuimus.
1557 2167 1639 2238 Nec

421 2261 515 2336 aliud
533 2261 578 2334 de
598 2259 720 2334 Edicto
739 2257 978 2348 Antverpiensr
1002 2252 1130 2328 fanum
1155 2255 1227 2346 est,
1242 2255 1302 2328 ubi
1317 2259 1478 2330 omnibus
1503 2259 1635 2350 modis,

418 2351 881 2527 tartarearum.
908 2352 1635 2542 natantianatantia

1040 2503 1050 2523 e
1196 2500 1211 2536 ς
1619 2489 1634 2506 “
1680 2489 1685 2498 ”

420 2549 466 2624 cit
485 2600 499 2639 ,
521 2548 580 2622 sed
596 2568 662 2621 nec
681 2547 725 2618 de
752 2545 820 2618 aliis
845 2543 949 2618 nostri
970 2545 1093 2618 ordinis
1122 2543 1179 2617 sua
1208 2542 1363 2638 Maiestas
1387 2543 1512 2620 habite.
1565 2545 1633 2620 Sed

418 2644 497 2718 funt
509 2663 751 2736 nonnunquam
768 2641 991 2730 homines,ac
1010 2642 1153 2714 nmaime
1169 2641 1307 2732 quidem
1327 2644 1362 2715 in
1373 2643 1467 2716 Aulis
1482 2641 1635 2738 Regum,

419 2743 480 2834 qui
500 2741 672 2816 comicum
688 2739 792 2813 oculis
809 2736 1020 2832 configendo
1037 2737 1095 2810 irbi
1111 2739 1245 2811 laudem
1267 2751 1432 2829 quarunt
1481 2739 1634 2908 &sinan

418 2837 456 2910 in
479 2837 545 2910 hac
570 2854 661 2931 parte
675 2836 724 2910 hii
740 2833 897 2923 fuerint,
921 2835 994 2907 satis
1015 2855 1073 2906 me
1095 2832 1309 2927 penpeetum
1332 2833 1460 2909 habere
1538 2837 1630 2908 itror.

418 2930 516 3022 sed,
535 2933 658 3006 urdixi
677 2981 691 3022 ,
713 2931 813 3003 vobis
832 2951 878 3003 en
896 2929 988 3003 omni
1003 2931 1095 3022 parte
1113 2929 1255 3004 satisfiet.
1633 2982 1638 2992 ·

464 3028 632 3102 Nondum
656 3025 791 3100 efficere
815 3027 988 3119 potuimus
1013 3041 1051 3098 ut
1072 3026 1115 3100 de
1139 3027 1382 3120 gubernatione
1413 3025 1632 3115 Hannoniae,

419 3123 458 3194 dt
478 3124 548 3197 aliis
566 3125 715 3196 Statibus
734 3175 747 3209 ‚
771 3143 831 3214 per
850 3137 993 3196 mortem
1010 3120 1152 3194 Domini
1168 3123 1372 3198 Marchionis
1389 3123 1559 3216 bergensis
1575 3143 1635 3196 va·

417 3217 569 3290 cantibus
591 3269 604 3308 ‚
627 3220 739 3310 Regia
762 3216 917 3311 Maiestas
941 3217 1098 3292 statuerit.
1156 3219 1338 3311 Amprius,
1360 3239 1430 3292 non
1449 3218 1498 3290 de
1524 3217 1634 3313 perso

416 3312 469 3385 nis
485 3313 604 3402 quibus
622 3313 723 3384 dandi
750 3309 860 3401 sunt,
882 3312 939 3384 sed
963 3313 1007 3386 de
1037 3315 1112 3408 iege
1126 3313 1200 3404 qud
1218 3316 1352 3405 dandi,
1377 3315 1632 3390 deliberandum

415 3405 541 3481 censet.
587 3407 762 3481 Ceterum
780 3423 943 3500 quamam
956 3408 999 3480 ad
1010 3409 1189 3501 personas,
1205 3428 1424 3504 praeterquam
1442 3412 1535 3503 quod
1552 3411 1634 3485 maini

415 3525 459 3578 ex
474 3503 577 3577 literis
599 3503 739 3597 Amplit.
754 3501 870 3576 vestre
885 3555 897 3592 ‚
915 3503 1038 3596 quibus
1059 3503 1228 3580 Dominus
1245 3507 1475 3582 Noirotrmius
1491 3508 1537 3581 ita
1553 3562 1564 3594 ‚
1583 3507 1633 3582 uti

414 3603 547 3689 decet,
570 3600 856 3692 commendatur,
883 3599 1039 3674 referenti
1058 3601 1109 3675 bis
1131 3603 1322 3694 respondit,
1337 3609 1439 3696 quam
1459 3623 1633 3677 commen-

413 3695 616 3772 datiffimum
638 3695 747 3790 ipsum
765 3695 825 3772 sabi
848 3697 912 3771 eiie
932 3719 942 3769 t
962 3714 1040 3771 tum
1061 3697 1113 3772 bis
1138 3698 1256 3772 diebus
1277 3700 1438 3794 proximis
1463 3700 1555 3772 idem
1590 3699 1633 3774 ad

317 3881 323 3889 ι
414 3794 609 3868 relationem
637 3794 779 3869 Domini
811 3792 956 3888 Tysnaci
975 3792 1012 3868 dt
1029 3815 1136 3868 meam
1161 3795 1320 3890 repetiit3
1344 3796 1487 3885 addito,
1511 3795 1548 3868 u
1566 3798 1635 3870 hoe

414 3887 452 3958 dt
469 3891 609 3979 amplius
628 3911 709 3964 eum
726 3892 856 3966 mereri.
903 3892 981 3965 Noc
995 3893 1107 3966 minus
1124 3891 1168 3964 de
1186 3893 1327 3985 Amplit.
1353 3890 1462 3966 vestra
1484 3890 1537 3964 sua
1554 3891 1634 3964 Ma·

412 3975 505 4069 jestas
523 3985 679 4072 praedicat
694 4035 708 4072 ‚
726 4007 827 4076 quam
847 4005 917 4057 non
933 3985 1016 4058 mihi
1032 3987 1170 4072 modo,
1193 3989 1288 4078 quod
1305 3990 1391 4082 saepe
1413 3989 1477 4077 fit,
1509 3983 1566 4057 sed
1592 3982 1632 4057 dt

412 4073 568 4165 Hispanis
597 4077 735 4148 mirifice
759 4080 884 4151 iaudat.
931 4079 978 4149 Et
1011 4079 1213 4154 addiderunt
1235 4083 1267 4155 ei
1293 4086 1340 4158 rei
1363 4085 1462 4159 etiam
1488 4081 1634 4156 muitum

412 4169 573 4266 proximae
589 4169 693 4241 literae
715 4170 821 4242 Ducis
848 4169 1025 4263 Hispaniae
1049 4171 1177 4267 scriptae
1199 4229 1213 4267 ‚
1234 4179 1358 4271 quibus
1383 4179 1565 4276 plun'mbm
1590 4176 1634 4250 ab

325 4317 328 4324 -
413 4263 556 4361 Amplit
578 4261 683 4338 veiha
701 4264 735 4336 se
754 4265 861 4358 juvari
879 4267 1047 4360 praedicat.
1071 4270 1128 4346 De
1145 4273 1380 4350 DaeIhemenii
1396 4277 1525 4364 Dono,
1539 4273 1636 4368 quod

410 4361 491 4440 Rex
508 4359 544 4436 in
562 4379 617 4436 me
640 4363 785 4437 contulit
816 4413 831 4454 ‚
853 4361 961 4462 scripsi
978 4385 1100 4462 nuper.
1139 4367 1246 4446 Nunc
1264 4391 1348 4448 veno
1370 4372 1481 4449 literas
1509 4371 1635 4465 Regias
