3710 5144
408 525 462 633 84
511 522 832 634 JOACHIMI
859 521 1141 606 HOPPERI
1168 515 1499 606 EPISTOLAE

405 681 517 750 animo
548 676 708 770 poenitere
739 675 876 764 all'erit,
897 673 981 749 ratio
1012 675 1172 749 habeatur
1197 677 1327 770 :quod
1350 677 1432 768 quin
1455 675 1618 774 fignifica-

406 795 500 859 rem,
521 771 808 864 quemadmodum
833 787 1048 862 receperam,
1070 781 1142 846 non
1159 771 1255 846 volui
1269 771 1434 846 omittere.
1523 769 1533 786 '

449 869 545 943 Plura
568 887 659 942 nunc
682 866 844 956 scribere,
866 887 980 958 neque
1003 883 1140 961 tempus
1162 869 1307 962 patitur,
1327 888 1440 962 neque
1462 889 1516 942 res
1540 868 1617 965 sup·

319 963 384 1061 ἢ
404 961 562 1054 peditat,
593 962 651 1038 sed
685 965 857 1038 neminem
888 963 1077 1059 inuenero,
1099 964 1155 1036 cui
1181 963 1275 1040 recte
1300 965 1381 1038 dem
1400 965 1531 1054 literas,
1553 965 1628 1064 per·¹

404 1079 519 1152 quem·
537 1081 606 1132 non
631 1059 674 1132 de
694 1058 870 1148 omnibus,
892 1061 1097 1151 approbante
1118 1058 1222 1148 Deo,
1244 1058 1428 1152 stripturus.
1458 1061 1619 1152 Interim,

402 1153 607 1232 Reverende
628 1155 781 1246 Praesul,
803 1154 937 1248 optime,
951 1154 1072 1234 Parens
1097 1154 1135 1227 δι
1158 1155 1333 1246 Patrone,
1355 1159 1458 1246 vale,
1481 1157 1519 1229 br
1536 1179 1618 1248 me,

402 1273 547 1346 meaque
574 1252 686 1326 omnia-
706 1251 862 1345 preerbus
888 1250 979 1344 apud
996 1253 1134 1338 Deum,
1156 1250 1290 1342 aliisque
1314 1252 1415 1326 rebus
1438 1253 1618 1344 omnibus,

402 1348 454 1420 uri
479 1349 606 1442 semper
627 1347 756 1437 fecisti,
777 1349 868 1442 juva.
915 1347 1083 1438 Raptim,
1107 1345 1290 1418 Cameraci.
1320 1347 1528 1424 Reverendae
1552 1349 1616 1426 Pa·

402 1444 564 1518 temitatir
587 1441 705 1519 velnae
723 1440 939 1536 parariffimus
953 1441 1093 1514 servitor
1111 1439 1319 1535 Jorrcrrmrus
1338 1441 1546 1519 Horremus.

676 1613 1165 1720 'urratorn
1247 1635 1325 1720 11.

455 1847 574 1932 Am.
605 1837 774 1953 upana
807 1834 935 1923 arara
966 1864 1016 1924 aa
1041 1813 1185 1924 reineri.
1247 1837 1297 1926 a
1323 1839 1459 1927 aaran
1488 1843 1620 1932 omnia

395 1955 511 2070 plena
541 1953 746 2039 rumoribus
771 1953 815 2038 de
833 1947 1072 2072 ulammaus
1095 1947 1280 2064 Belgicis.
1328 1949 1500 2064 Jefirr’tae
1516 1955 1618 2042 Bel-

311 2181 312 2188 Ν
399 2064 675 2268 ξέιέαὲξὲ
718 2060 930 2178 Sprfomrus
954 2061 1124 2150 Geneaae
1141 2061 1269 2175 capita
1284 2059 1448 2174 ploras,
1473 2086 1619 2178 procu-

511 2387 547 2463 P.
570 2385 758 2482 Reperiam
777 2385 832 2462 mc
854 2383 1080 2476 Tarquinium
1093 2407 1095 2414 ·
1109 2379 1287 2459 nostmtem
1307 2433 1320 2472 ,
1344 2381 1403 2475 qui
1425 2381 1484 2456 bas
1507 2383 1619 2458 reddi·

473 2484 570 2580 ‚dit,
593 2505 663 2556 non
687 2481 808 2576 potui,
828 2479 1016 2554 reverende
1038 2477 1184 2566 Praesul,
1205 2481 1288 2572 quin
1314 2477 1438 2572 aliquid
1463 2481 1617 2554 eilitera-

401 2601 476 2652 rum
506 2580 628 2654 darem.
684 2579 790 2678 Quod
825 2573 987 2650 moerus
1006 2575 1130 2648 lentius
1152 2571 1315 2672 progreffi
1341 2575 1479 2664 sumus,
1500 2575 1620 2671 partim.

401 2673 589 2750 lalirtudine
614 2697 810 2770 equorum,
831 2672 951 2764 partim
984 2669 1179 2744 difficultate
1210 2671 1366 2745 itinerum
1391 2669 1519 2744 farrum
1554 2669 1617 2744 est.

400 2773 512 2846 Nunc
542 2775 626 2847 verb
653 2773 876 2866 expeditiores
899 2765 1035 2860 magis,
1057 2765 1137 2839 Deo
1162 2767 1399 2860 approbante,
1422 2767 1616 2842 accelerabi-

399 2889 493 3036 arrigit
518 2869 970 3050 dgutirrffueltibirgvlelzigrucist’
994 2861 1524 3050 (ἑῗέἰὲυξιιξιεωξῐιιεῗυίξὲῐὲἓήίξεω
1537 2863 1620 3048 <sung

946 3008 955 3028 ·
1503 3009 1515 3047 a

399 3075 602 3144 narrantur,
625 3055 801 3147 suspicari,
825 3055 904 3125 inde
932 3051 1039 3142 magis
1062 3053 1254 3144 procedunt
1280 3055 1302 3126 ii
1326 3075 1499 3145 rumores,
1520 3053 1618 3146 quod

398 3153 498 3222 multi
521 3153 566 3224 fic
591 3167 709 3242 optant
733 3149 821 3236 lieri,
842 3152 946 3240 quam
972 3148 1067 3238 quod
1092 3149 1136 3220 ita
1162 3147 1291 3224 facium
1313 3151 1363 3224 srt.
1410 3149 1617 3246 Quomodo·

399 3266 548 3336 cumque
570 3261 684 3316 tamen
712 3266 764 3316 res
789 3243 856 3316 sese
878 3244 1001 3329 habet,
1024 3243 1123 3314 valde
1141 3240 1176 3314 id
1198 3265 1285 3318 aveo
1303 3245 1506 3340 cognoscere
1534 3267 1543 3318 a
1569 3243 1616 3317 es

398 3339 511 3432 ferque
536 3339 640 3432 longe
658 3337 895 3432 gratiffimum,
918 3337 963 3422 fi,
985 3355 1165 3429 antequam
1182 3339 1216 3410 in
1235 3341 1425 3433 Hispaniam
1443 3343 1623 3430 venirem,

398 3435 442 3506 cle
470 3437 626 3507 omnibus
650 3437 775 3528 poflem
798 3435 869 3508 lieri
887 3432 1020 3507 certior.
1069 3433 1147 3506 Nec
1165 3433 1287 3508 dubito
1306 3438 1390 3530 quin
1417 3437 1521 3510 Loius
1541 3436 1616 3510 nos·

397 3548 449 3604 ter
475 3531 510 3604 id
541 3551 678 3624 operam
708 3529 846 3604 daturus
879 3531 929 3604 srt.
983 3527 1082 3601 Circa
1114 3531 1624 3624 nosomniahaetenus‚1aus.

396 3629 542 3722 superis,
559 3627 669 3718 recle,
686 3627 973 3718 quemadmodum
994 3625 1032 3695 bt
1048 3627 1091 3697 de
1105 3626 1241 3718 reliquo
1256 3629 1288 3701 in
1299 3627 1452 3702 Domino
1470 3631 1618 3704 confido.

445 3726 613 3822 Quoniam
648 3747 712 3820 pro
742 3721 834 3818 equis
869 3721 1053 3818 reficiendis
1080 3721 1153 3792 heri
1179 3722 1235 3796 hic
1252 3723 1492 3798 subsrstendrrrrr
1519 3725 1584 3799 fuit
1602 3777 1622 3816 ,,

394 3821 456 3892 rifi
481 3821 663 3918 collegium
685 3819 907 3918 Jesuitarum3
930 3817 1024 3909 quod
1050 3817 1269 3890 commodum
1295 3822 1332 3892 in
1357 3841 1396 3892 ea
1420 3821 1489 3914 ipsa
1512 3821 1618 3894 domo

395 3919 551 4006 repperi,
574 3919 632 3992 ubi
658 3919 738 3992 olim
763 3915 923 4002 habitavi.
958 3913 1070 3986 Habet
1088 3915 1178 3987 viros
1200 3916 1324 3991 multos
1346 3917 1514 4012 insrgnes,
1549 3933 1618 3987 ram

305 4011 307 4024 ’
393 4008 578 4098 nostrates,
600 4023 703 4102 quam
725 4013 825 4099 alios3
847 4010 1024 4101 discipulos
1048 4025 1159 4082 autem
1185 4015 1288 4101 quarn
1318 4015 1506 4104 plurimos,
1528 4029 1617 4106 quos

394 4103 467 4178 vidi
489 4106 590 4200 (nam
610 4105 780 4176 duxerunt
796 4105 850 4177 me
872 4125 934 4196 per
951 4104 1094 4198 omnia)
1118 4105 1246 4197 optime
1263 4107 1397 4184 institui.

443 4199 532 4370 Qfirae
552 4199 595 4272 de
613 4197 819 4270 Scoricarum
847 4217 958 4270 rerum
978 4201 1185 4287 mutatione,
1207 4203 1451 4300 everfioneqrre
1468 4199 1619 4276 Catholi-

395 4319 443 4372 cae
497 4294 648 4387 eligionis
667 4293 720 4367 hle
738 4291 1014 4381 feruntur,istlric
1029 4312 1207 4390 pervagata
1222 4294 1288 4387 jam
1309 4293 1371 4374 elie
1390 4315 1500 4395 puto;
1523 4299 1623 4373 ideb-

394 4415 467 4490 qne
482 4391 538 4468 hic
555 4411 625 4468 nou
649 4405 778 4487 repeto.
823 4388 1051 4486 Splfamium,
1073 4395 1135 4487 qui
1152 4393 1329 4469 &nevam
1352 4395 1388 4472 se
1407 4397 1628 4507 contulerat,
1693 4411 1696 4416 ·
