3710 5144
325 407 965 543 concremantem
987 437 1343 532 zurcrrmrum
1404 460 1455 552 ις

244 618 312 694 que
329 597 508 713 privilegio
538 597 803 693 ijetienfium
827 619 838 671 r
861 598 961 692 super
992 619 1064 694 quo
1100 599 1241 692 ampliu
1271 596 1457 672 deliberan-
1573 679 1576 688 ‚

241 699 324 772 dum
356 695 470 771 censur
489 749 503 786 ,
525 717 591 770 nec
616 695 800 788 quidquam
823 693 1060 782 statuendum,
1081 694 1142 769 nifi
1161 717 1199 768 re
1223 692 1267 766 ad
1289 693 1458 786 Amplitu-

241 793 358 866 dinem
379 807 473 866 tuam
495 793 608 866 relata.
654 790 887 866 Tantumdem
904 790 972 865 feci
992 791 1028 862 in
1043 791 1188 885 negocio
1206 789 1458 880 Antverpienfi,

242 888 340 983 cuius
361 888 532 980 praecipua
558 887 665 980 capita
690 887 735 960 ad
758 900 868 960 totum
895 889 1055 961 Senatum
1077 883 1185 978 rejeci.
1233 883 1325 956 Nam
1350 885 1396 957 illi
1411 884 1457 958 sic

241 983 373 1056 causam
386 999 514 1076 agunt,
535 983 659 1075 (quod
675 981 713 1053 dc
729 1001 838 1073 nuper
853 979 962 1076 scripsi
972 983 1064 1074 ),ut
1080 983 1170 1056 cive's
1187 977 1265 1084 suos
1281 981 1458 1054 munifices

241 1081 381 1172 putide,
402 1083 508 1170 quam
533 1077 699 1148 immunes
725 1077 792 1147 esse
811 1076 929 1150 velint.

292 1173 409 1246 Hodie
432 1169 629 1265 magistrum
652 1169 853 1245 Buchonem
877 1169 915 1242 dt
942 1171 1145 1246 Folcardum
1170 1170 1292 1257 adico,
1312 1169 1352 1242 dt
1379 1191 1457 1246 exa-

84 1292 96 1302 *
241 1267 406 1358 minabo,
428 1283 468 1342 ut
494 1266 577 1340 certi
600 1265 724 1358 aliquid
746 1265 789 1340 de
803 1266 843 1340 iis
868 1265 967 1339 vobis
989 1267 1114 1340 referre
1132 1267 1262 1358 possim.
1293 1263 1401 1338 'Cum
1417 1279 1457 1338 ut

242 1366 374 1454 valeas,
397 1359 605 1457 Ampliffime
630 1360 780 1435 Domine
804 1362 940 1436 Praeses.
987 1363 1027 1435 In
1051 1362 1140 1434 diem
1159 1360 1358 1447 crasiinum,
1379 1375 1457 1449 aut,

242 1460 285 1532 ad
307 1459 498 1549 summum,
520 1457 766 1552 perendinum,
787 1477 858 1550 quo
883 1457 1026 1530 omnino
1055 1457 1097 1530 ad
1125 1477 1187 1532 voe
1219 1454 1343 1548 cogito.
1389 1454 1458 1528 Lo-

243 1555 333 1626 vanii
349 1555 407 1629 28.
424 1553 555 1651 augusti
582 1555 687 1645 1561.
704 1552 897 1646 Magnificae
915 1553 1158 1648 Amplitudinis
1181 1551 1298 1627 vestrae
1323 1549 1458 1646 paratis·

243 1651 344 1726 simus
366 1650 507 1727 servitor
531 1651 739 1748 Joocnmtus
762 1651 969 1724 Homerus.

532 1845 996 1934 EPISTOLA
1078 1847 1175 1931 XI.

224 2097 229 2104 ·
297 2058 412 2144 Ano.
442 2051 634 2155 Narrat,
653 2059 726 2140 'aa
751 2051 902 2148 ordine,
930 2049 982 2154 E?
998 2047 1075 2164 qud
1095 2043 1378 2159 gratulationis
1394 2045 1458 2160 se·

242 2164 322 2257 ric,
345 2167 369 2247 a
390 2161 653 2270 Mechlinienfi
697 2189 718 2244 r
744 2179 926 2268 acceptas
944 2160 994 2266 fit
1023 2155 1242 2240 Cardinalr's
1265 2155 1457 2240 Grannu-

243 2267 387 2364 Iaaus,
417 2291 540 2352 navas
576 2267 780 2352 earumdem
808 2260 1144 2380 Arcaiapisaapas,
1172 2291 1282 2380 qaum
1315 2265 1456 2355 Catac-

242 2379 347 2466 dram
361 2375 476 2494 fitam
503 2375 641 2465 adiret.
666 2381 933 2466 unuxmms.

353 2585 392 2662 P.
416 2585 564 2661 Tarnetsr
588 2585 689 2660 rebus
714 2604 794 2660 cum
810 2586 955 2676 Senatu,
977 2585 1099 2676 hodie,
1120 2599 1162 2659 ut
1172 2585 1292 2678 spero,
1315 2588 1454 2663 confec·

317 2747 332 2776 ,
354 2681 420 2771 tis,
442 2679 651 2773 Ampliffime
678 2679 830 2757 Domine
848 2679 993 2772 PraeseS,
1013 2703 1070 2754 me
1098 2681 1237 2754 crastini
1261 2684 1314 2755 die
1330 2685 1374 2758 ad
1390 2703 1455 2757 voa

243 2776 432 2849 rediturum
468 2776 683 2864 existimem3
715 2775 818 2850 officii
850 2795 962 2850 tamen
995 2777 1063 2848 mei
1088 2777 1156 2848 csse
1178 2776 1263 2848 duxi
1286 2778 1347 2848 has
1371 2797 1457 2870 prae·

240 2875 399 2959 mittere,
423 2885 483 2958 ut,
505 2891 578 2960 quo
601 2871 703 2960 pacto
728 2873 842 2944 omnia
864 2871 1098 2959 successerint,
1120 2868 1323 2961 Amplitudo
1347 2872 1458 2944 veiha

240 2987 313 3040 non
333 2965 441 3039 modo
468 2965 675 3056 intelligere,
698 2969 815 3039 verum
844 2967 942 3040 etiam
964 2969 1097 3039 mature
1122 2964 1324 3060 cognoscere
1366 2965 1452 3042 offic

243 3059 342 3136 Ordo
361 3061 464 3157 igitur
487 3062 535 3133 rei
560 3059 661 3154 gestae
688 3061 734 3135 s1c
761 3061 827 3135 sese
846 3062 958 3137 habet
1005 3061 1178 3150 Primum,
1200 3061 1241 3133 111
1312 3060 1319 3074 '
1391 3083 1452 3136 um

241 3153 426 3231 Dominum
459 3155 705 3248 Cardinaiem,
733 3157 869 3231 carruca
899 3159 960 3233 sus
997 3157 1226 3246 insidentem,
1255 3161 1276 3233 a
1304 3155 1469 3231 Geerde-=

242 3252 366 3345 ghent,
388 3255 432 3326 ad
455 3267 567 3346 portas
588 3250 696 3345 usque
719 3252 1002 3343 Mechlinienses,
1023 3274 1149 3350 magno
1175 3255 1328 3346 equitum
1351 3253 1456 3326 comi-

242 3361 315 3422 tatu
347 3349 558 3424 deduximus.
604 3349 801 3442 Antequam
828 3368 960 3444 partam
993 3351 1253 3446 ingrederetur,
1283 3349 1455 3424 descendit

144 3449 147 3456 '
242 3441 287 3516 de
320 3465 486 3536 muca,
514 3443 717 3537 sumptoque
749 3447 863 3540 guero
890 3445 1138 3534 Cardinalitio,
1166 3443 1271 3538 pedes
1293 3447 1455 3540 ingressus

241 3537 316 3626 est,
337 3539 466 3614 habens
495 3555 571 3613 ante
595 3539 629 3612 se
656 3539 821 3633 sceptrum
847 3541 885 3614 dt
916 3563 1051 3616 crucem
1074 3556 1272 3634 mgenteanr.
1319 3543 1370 3612 lbi
1392 3539 1450 3612 ad·

240 3633 311 3710 suit
335 3651 476 3730 uterque
504 3635 602 3710 Ordo
626 3635 789 3728 civitatis,
811 3635 1063 3712 Ecclesiasticus
1082 3637 1120 3709 dt
1144 3637 1368 3730 Prophanus,
1390 3636 1451 3724 qui

240 3751 323 3804 eum
352 3731 607 3806 luculentissuud
637 3733 821 3822 cranone,
850 3755 951 3825 quam
974 3731 1200 3805 Pensronarius
1225 3731 1451 3804 Vercammen

240 3826 374 3901 utinam
404 3828 575 3918 lubebat,
604 3846 821 3922 exceperunt.
868 3828 951 3928 Qui
979 3827 1117 3918 peracta
1135 3877 1152 3912 ,
1181 3831 1352 3899 unacum
1380 3825 1451 3906 alric

241 3920 446 3998 solemnibus
477 3922 625 4002 ascendit
656 3925 782 3997 mulam
815 3923 986 3998 Dominus
1009 3919 1206 3994 Cardinalis.
1257 3917 1304 3994 Et
1327 3943 1449 4019 praece-

243 4016 344 4091 dente
375 4035 451 4094 toto
483 4017 556 4094 sere
583 4020 765 4111 equitatu,
797 4019 834 4093 δι
859 4016 934 4114 posi
959 4039 1037 4091 eum
1063 4015 1260 4112 Magistratu
1289 4018 1450 4110 civitatis,

246 4113 303 4180 cui
330 4113 529 4190 succedebat
565 4115 719 4210 proxime
754 4131 831 4189 ante
862 4113 1104 4206 cardinalem,
1136 4135 1213 4196 cum
1246 4113 1377 4209 sceptro
1411 4117 1450 4188 dt

244 4223 367 4314 efflet,
389 4231 466 4301 quae
487 4212 523 4284 in
551 4211 647 4304 equis
671 4210 954 4305 proferebantur,
978 4211 1016 4286 dt
1041 4212 1178 4288 duobus
1202 4215 1370 4308 utrimque
1386 4209 1448 4282 sta-

240 4319 373 4395 smi,
394 4305 454 4400 qui
470 4308 602 4404 pedites
618 4329 700 4386 cum
714 4309 934 4408 tergentem
951 4309 1079 4394 baculis
1096 4311 1327 4398 mutuabant,
1350 4299 1449 4384 Ordo
