3736 5142
309 653 313 661 ι
394 539 477 630 288
527 539 843 652 JOACHIMI
871 533 1154 626 HOPPERI
1181 537 1501 627 EPISTOLAE'

391 701 413 773 a
436 697 619 772 Secrerario
645 695 794 770 Galiello
809 695 930 788 iundcae
946 695 1022 771 sunt
1042 697 1098 770 hic
1116 715 1156 769 ea
1173 697 1216 769 de
1239 697 1294 774 Re
1307 695 1419 768 literae.
1443 695 1490 768 Et
1505 699 1605 789 quod

389 793 433 865 ad
449 793 601 886 sumptus
617 795 756 882 attinet,
779 793 901 867 adsunt
925 813 1062 886 quoque
1090 795 1192 866 literae
1214 794 1259 866 ad
1285 793 1456 880 Ducem,
1478 809 1518 862 ut
1542 813 1606 866 eos

389 886 622 965 subministret.
670 891 751 964 Dixi
777 890 872 963 isthic
893 889 936 961 de
966 889 1092 963 summa
1116 887 1286 982 diligentia
1306 891 1418 967 omnia
1445 909 1499 958 me
1513 888 1606 980 posse

388 987 605 1076 promittere,
627 985 686 1058 sed
709 1003 823 1060 utrum
841 985 1002 1078 eiusmodi
1017 987 1122 1080 pelles
1141 985 1236 1058 illhic
1256 985 1398 1058 inveniri
1420 1001 1605 1076 poterunt,

389 1079 488 1170 plane
504 1102 561 1154 me
577 1083 727 1172 nescire,
749 1105 827 1156 narn
846 1083 912 1176 iam
927 1084 1102 1176 Pfinzingo
1127 1101 1189 1174 per
1204 1095 1297 1154 totos
1311 1082 1399 1152 duos
1417 1081 1524 1150 annos
1539 1077 1608 1151 suit

293 1243 303 1277 s
389 1194 444 1247 res
462 1179 653 1264 commissa,
677 1196 715 1254 ut
728 1180 762 1252 in
782 1181 961 1255 Germania
986 1201 1061 1252 eam
1078 1193 1299 1271 procuraret,
1321 1174 1379 1248 sed
1404 1195 1473 1248 non
1497 1173 1611 1266 potuit

389 1267 587 1349 satisfacere.
621 1272 686 1350 ‚Ut
702 1291 816 1350 autem
841 1277 877 1350 id
897 1297 959 1368 per
975 1275 1243 1368 Amplitudinem
1269 1271 1413 1346 vestram
1433 1269 1491 1344 liat
1509 1265 1610 1361 maio·

390 1386 462 1442 tem
482 1369 516 1442 in
538 1372 681 1444 modum
701 1389 806 1464 opt0,
829 1389 931 1463 atque
955 1371 999 1442 ita
1019 1371 1094 1443 sore
1117 1370 1226 1460 spero.

679 1511 1137 1616 marsa-onst
1227 1512 1315 1592 cr.

437 1664 552 1746 Ano.
582 1661 685 1747 Dua
706 1661 989 1748 Medium-soli
1003 1687 1126 1750 nouus
1140 1661 1354 1775 Belgarum
1369 1659 1607 1775 Praefhiius.

385 1769 426 1859 Is
449 1771 600 1882 egregii
622 1773 822 1857 animatus
844 1799 941 1886 ergo
961 1773 1157 1885 ngiuru..
1318 1861 1332 1899 ·:

389 1923 466 2121 S.
490 2023 530 2096 P.
554 2021 761 2098 Reverende
778 2021 923 2110 Praesul‚
946 2022 1054 2096 literas
1073 2021 1311 2118 Amplitudinis
1332 2022 1449 2098 vestre
1466 2023 1527 2100 IX.
1542 2025 1605 2099 bu·

386 2116 439 2209 ius
461 2119 597 2212 scriptas
622 2139 702 2192 cum
734 2119 1001 2212 praecedentibus
1025 2124 1167 2216 accepi,
1188 2121 1232 2192 ad
1258 2139 1343 2211 quas
1364 2119 1440 2212 post
1468 2121 1604 2194 biduum

349 2233 356 2259 ¹
387 2232 445 2297 aut
467 2215 616 2289 triduum
634 2214 844 2307 respondebo
861 2217 970 2290 brida
1016 2216 1150 2291 Tamen
1169 2219 1236 2289 lroc
1261 2237 1351 2290 nunc
1368 2216 1497 2306 dicam,
1518 2217 1607 2290 miri·

386 2309 451 2383 fiee
475 2333 530 2384 me
556 2309 703 2404 affligere
719 2311 799 2384 illud
819 2314 960 2407 Aggrei,
984 2312 1029 2384 de
1052 2334 1122 2408 quo
1137 2313 1203 2408 jam
1219 2331 1298 2386 ante
1314 2311 1382 2404 ipse
1405 2313 1605 2406 scripseram,

387 2423 426 2477 ut
442 2427 486 2481 ex
502 2411 585 2481 meis
602 2407 703 2480 literis
719 2409 920 2502 Amplitudo
937 2407 1046 2486 vestra
1063 2409 1273 2504 cognoverit.
1311 2407 1405 2507 Quid
1424 2409 1511 2481 aliud
1528 2429 1609 2483 con·

387 2499 445 2573 srlii
473 2501 544 2595 capi
577 2503 701 2596 poterit
724 2509 825 2594 quim
849 2505 944 2594 quod
967 2506 1170 2596 Amplitudo
1192 2505 1298 2580 vestra
1325 2507 1512 2598 proponit,
1535 2526 1607 2578 non

385 2597 524 2766 ἔίᾱὶἓς
546 2599 673 2692 siquid
693 2615 806 2674 tamen
827 2615 983 2677 occurret
1006 2601 1191 2693 proximis,
1213 2617 1253 2676 ut
1274 2599 1376 2693 dico,
1397 2601 1498 2677 literis
1512 2601 1610 2701 signi·

411 2713 448 2764 ca
498 2749 508 2770 .

435 2791 708 2866 Gubernatorem
740 2793 903 2868 habemus
928 2813 1057 2868 novum
1091 2792 1229 2868 Ducem
1252 2791 1404 2868 Medium
1429 2796 1526 2886 coeli,
1550 2795 1610 2887 qui

386 2883 547 2976 o’ptimam
567 2909 605 2960 ac
630 2887 835 2980 gratillirmm
854 2890 1094 2982 Amplitudinis
1115 2889 1231 2963 vestra
1255 2891 1376 2966 retinet
1395 2891 1607 2976 memoriam,

385 3000 588 3078 mecumque
609 2985 765 3058 omnibus
785 2987 828 3060 de
849 2987 969 3060 Rebus
992 2985 1255 3078 persamiliariter
1276 2987 1531 3076 communicat,
1555 2983 1603 3060 uri

283 3117 285 3120 -
386 3075 553 3169 speciatim
579 3082 780 3175 Amplitudo
799 3083 907 3157 veliin
924 3085 1080 3177 proxime
1100 3082 1294 3175 cognoscet.
1379 3121 1382 3128 ·

428 3169 485 3246 De
502 3179 652 3250 adventu
675 3179 816 3274 Reginae
836 3181 936 3270 Rex,
949 3197 987 3252 ut
1000 3180 1071 3272 ipse
1089 3179 1173 3252 mihi
1192 3177 1322 3266 scribit,
1344 3178 1379 3250 in
1395 3195 1517 3270 magno
1531 3196 1604 3248 me·

384 3279 425 3338 tu
441 3265 499 3373 ‘est
520 3318 534 3356 ,
556 3271 680 3342 bonam
707 3291 818 3348 tamen
845 3275 937 3368 spem
960 3275 1113 3369 praebent
1141 3274 1329 3358 Laredani,
1360 3270 1417 3344 ubi
1452 3270 1607 3345 maximis

381 3379 466 3432 mers
489 3361 673 3454 sumptibus
689 3365 755 3459 jam
776 3371 818 3441 ab
831 3375 959 3463 aliquot
974 3369 1159 3464 septimanis
1174 3367 1238 3440 mei
1256 3367 1356 3455 sunt,
1377 3389 1458 3440 cum
1480 3365 1609 3458 iumen·

384 3454 427 3532 tis
451 3455 489 3526 dt
511 3472 686 3565 carpento.
735 3463 771 3533 si
792 3479 924 3556 tempus
942 3483 1008 3539 tam
1027 3465 1221 3562 prosperum
1239 3465 1334 3540 isthic
1350 3464 1386 3538 bt
1404 3464 1439 3536 in
1457 3465 1539 3538 mari
1561 3464 1610 3538 est

382 3555 485 3645 quim
499 3552 582 3644 luc,
604 3552 717 3626 omnia
731 3557 821 3632 bona
839 3559 999 3653 speranda
1012 3563 1113 3648 sunt,
1136 3563 1319 3654 quaeetiam
1335 3561 1386 3634 est
1406 3560 1610 3650 causaquod

383 3649 428 3726 ad
443 3671 585 3725 uxorem
603 3673 672 3726 non
692 3651 822 3747 scribo,
846 3678 910 3730 nec
925 3660 968 3733 ad
984 3659 1155 3734 Comitem
1175 3657 1218 3728 de
1233 3655 1354 3744 Bollu,
1379 3657 1439 3745 qui
1454 3655 1608 3747 apudme
1680 3703 1686 3714 ·

386 3745 538 3822 diversari
555 3749 588 3824 se
607 3749 698 3826 velle
717 3751 852 3845 scribit,
874 3756 970 3849 quod
991 3756 1074 3830 mihi
1092 3753 1155 3828 erit
1173 3750 1397 3846 gracillimum.

432 3843 525 3944 Quid
549 3849 636 3922 circa
663 3847 905 3926 ordinationem
939 3851 1155 3926 Criminalem
1191 3848 1228 3922 br
1251 3845 1394 3922 Gratiam
1418 3845 1607 3936 generalem

383 3941 582 4032 moliamur,
605 3945 690 4016 saxo
708 3951 916 4040 propediem¹
926 3963 966 4020 ut
983 3945 1185 4038 Amplitudo
1198 3945 1308 4019 vestra
1322 3942 1490 4035 intelligat.
1513 3937 1608 4033 Quid

381 4029 656 4109 salmanticenses
681 4039 783 4118 nollri
805 4058 903 4134 agant
931 4041 1134 4132 Amplitudo
1154 4041 1263 4116 vestra
1292 4059 1339 4114 ex
1361 4057 1480 4112 eorum
1507 4033 1611 4110 literis
1699 4045 1708 4062 ·

381 4123 566 4226 Baucinone
585 4129 742 4220 scriptia,
767 4155 848 4225 quas
875 4135 946 4208 neri
970 4135 1104 4228 vesperi
1129 4139 1269 4231 accepi,
1294 4135 1466 4230 intelliget.
1514 4130 1613 4204 Bene

382 4221 480 4312 vale,
502 4219 706 4295 Reverende
728 4225 863 4319 Praelirl,
887 4229 925 4303 dc
945 4247 979 4303 te
996 4233 1097 4306 etiam
1113 4251 1216 4329 atque
1235 4235 1339 4306 etiam
1362 4231 1463 4308 nobis
1483 4225 1615 4304 conser-

381 4339 437 4392 va.
466 4317 627 4412 .Raptim
662 4319 800 4396 Madriri
837 4326 950 4401 ultima
983 4329 1191 4423 Septembris
1240 4349 1350 4423 ¹570·
1400 4325 1615 4400 Reverendae
1677 4363 1685 4374 ·

319 4493 321 4500 .
382 4415 625 4512 amplitudinis
634 4419 749 4498 vestrae
766 4422 976 4520 paratissimus
995 4424 1138 4502 servitor
1155 4420 1613 4594 Joacuutusmljssssffi·
