3736 5140
273 469 358 559 au
372 469 609 562 monum
632 467 911 602 mnarum
929 400 1284 562 znrcnuuruur.
1341 497 1468 588 377„
1580 564 1584 578 ι
1744 441 1749 455 ’

110 675 128 696 ι.
198 627 277 716 lus,
300 629 396 724 cupit
420 628 648 703 Pennonarius
672 625 745 702 fieri
775 625 844 700 suae
863 626 1078 720 Maiestatis,‘
1093 628 1131 703 &
1154 631 1190 704 in
1211 629 1313 704 rebus
1339 633 1427 706 Ger·

201 725 338 798 manicis
358 727 404 798 illi
430 726 606 814 inservire,
629 721 714 816 juffit
733 737 772 797 ut
789 725 832 797 ab
856 725 1088 818 Amplitudine
1111 711 1426 820 veiba‘resciscam
1576 777 1578 784 ·

156 895 160 903 ,
200 821 323 914 ecquid
345 824 387 894 ad
405 821 441 895 id
459 823 624 910 idoneus,
648 819 867 912 &quidnam
889 820 1080 895 faciendum
1096 823 1259 898 videatur.

248 917 386 992 Menses
399 918 478 992 sunt
492 917 640 1012 aliquot,
663 917 757 1010 quod
776 917 904 991 domini
921 919 1149 992 Financiarum
1170 919 1235 993 suis
1258 919 1302 991 de
1321 917 1424 994 rebus
1458 988 1460 996 .

201 1013 392 1106 ampliffine
407 1016 450 1089 ad
467 1016 601 1108 Regem
616 1013 898 1107 perscripserunt3
920 1016 965 1090 de
979 1015 1103 1107 quibus
1122 1015 1180 1090 sua
1197 1013 1348 1106 Maiestas
1364 1017 1424 1090 sa·

200 1130 245 1203 pe
271 1131 407 1184 mecum
433 1109 621 1207 graviffime
646 1109 873 1202 deliberavit3
908 1111 1144 1204 tandemque,
1180 1129 1221 1182 ut
1243 1127 1422 1204 antequam

201 1205 387 1299 quidquam
415 1207 497 1282 certi
516 1205 661 1295 statuat,
685 1205 909 1300 Amplitudini
925 1205 1043 1282 vestrae
1063 1227 1113 1280 res
1132 1208 1423 1297 communicetur,

112 1307 120 1326 '
198 1299 310 1394 joffit‘,
332 1303 429 1398 cujus
450 1303 641 1378 sententiam
662 1304 803 1376 omnino
820 1306 915 1396 cupit
934 1303 1129 1398 intelligere.
1305 1375 1314 1398 0

245 1397 435 1492 Negotium
478 1398 705 1496 Coadjutoriae
757 1397 987 1476 Gandavensrs
1027 1397 1222 1492 cupiviliem
1265 1396 1425 1491 equidem

199 1494 368 1568 conficere
385 1495 561 1588 absolute3
582 1494 638 1570 sed
657 1491 815 1588 quoniam
831 1495 924 1592 Regi
939 1497 1032 1571 aliter
1049 1495 1251 1592 videbatur,
1274 1515 1344 1592 non
1363 1516 1426 1588 po·

199 1592 250 1662 tui
268 1589 431 1686 refragari.
477 1593 593 1686 Itaque
612 1593 711 1664 mitto
730 1591 838 1665 literas
860 1612 899 1665 ea
920 1593 965 1665 de
985 1613 1023 1665 re
1046 1590 1204 1683 scriptas,
1234 1592 1277 1663 de
1298 1590 1423 1683 quibus

198 1687 403 1778 Amplitudo
424 1687 532 1761 vestra
558 1688 699 1774 statuet,
732 1685 829 1774 quod
856 1685 1037 1760 videbitur.
1083 1684 1131 1758 Et
1154 1685 1179 1756 fi
1201 1705 1270 1758 non
1293 1685 1425 1760 censeat

198 1781 464 1874 praesentandas,
492 1783 576 1848 mihi
605 1776 795 1866 dignabitur
822 1779 1027 1866 fignificare,
1062 1795 1102 1848 ut
1128 1779 1226 1850 aliam
1259 1784 1423 1858 radonem

198 1877 308 1950 ineam
331 1873 463 1944 adrem
482 1867 749 1956 conficiendam
770 1869 865 1958 quod
884 1871 982 1942 etiam
1003 1878 1105 1958 atque
1124 1869 1222 1940 etiam
1240 1887 1336 1961 opto.

244 1967 416 2064 Quoniam
433 1966 512 2038 Rex
526 1965 570 2038 ad
585 1963 722 2037 Ducem
737 1961 1150 2062 solbit,quandoquidem
1166 1961 1210 2037 de
1227 1963 1325 2038 bonis
1339 1990 1423 2044 con-

196 2063 316 2140 fiscatis
338 2061 420 2136 mihi
446 2083 517 2136 non
536 2059 666 2150 satisfit,
695 2075 735 2132 ut
756 2077 803 2132 ex
827 2059 983 2154 pecuniis
1007 2079 1085 2152 quae
1108 2078 1200 2132 nunc
1222 2061 1423 2156 mittuntur,

196 2161 255 2234 sex
271 2159 370 2233 millia
384 2158 466 2232 mibi
479 2171 720 2248 numerentur,
742 2174 828 2250 rogo
845 2157 1113 2250 Amplitudinem
1128 2153 1270 2229 vestram
1297 2176 1338 2230 ut
1359 2182 1422 2253 per

197 2255 445 2350 Cappellanum
463 2256 560 2332 suum
584 2275 623 2328 aa
642 2254 816 2346 recipere,
837 2254 973 2350 (prout
996 2254 1040 2326 ad
1064 2250 1202 2326 Ducem
1221 2253 1421 2351 perscripsr)

197 2353 368 2450 dignetur.
401 2351 659 2428 -Sollieitationia
676 2348 853 2444 negotium
875 2349 982 2423 Faber
1004 2348 1161 2438 habebit,
1184 2369 1248 2423 nee
1274 2371 1346 2424 non
1362 2351 1421 2426 're-

40 2468 43 2482 ·
196 2462 292 2544 petet
303 2444 457 2524 cedulam
473 2472 495 2524 a
509 2449 613 2524 uidua
629 2446 710 2522 Van
724 2447 822 2536 boo,
844 2464 885 2523 ut
897 2443 1016 2520 sciamr
1031 2444 1207 2540 quomodo
1229 2441 1423 2522 dumt'ero-

195 2545 329 2641 ganda,
347 2547 397 2620 src
417 2560 456 2620 ut
472 2546 555 2620 nihil
576 2544 718 2620 omnino
746 2542 908 2618 molestia
931 2541 1133 2636 Amplitudo
1149 2545 1256 2622 vestra
1269 2542 1310 2617 stt
1330 2543 1424 2618 babi-

196 2657 294 2733 tura,
317 2641 376 2715 nist
390 2656 431 2715 ut
448 2641 654 2716 authoritatis
670 2639 709 2713 dt
723 2639 867 2713 melioris
880 2637 1038 2712 custodiat
1057 2637 1160 2712 caiisa
1183 2639 1275 2730 apud
1297 2637 1421 2735 Capel·
1527 2668 1536 2688 =

195 2731 446 2836 unanimus,
464 2741 521 2814 vel
538 2739 678 2832 Stynam
700 2735 741 2809 sn
761 2733 929 2831 pecunia}
949 2734 1178 2808 numerabitur
1193 2733 1370 2827 liquidem.

240 2831 336 2904 Bene
361 2833 458 2924 vale,
480 2835 682 2908 Reverendo
697 2831 819 2908 Praesul
840 2851 879 2904 ac
898 2831 1068 2921 Patrone3
1089 2831 1274 2924 Deumque
1296 2854 1359 2906 oro
1377 2845 1418 2908 ut

196 2927 467 3022 Amplitudinem
490 2929 634 3004 vestram
655 2931 757 3024 quam
786 2925 964 3004 diutiliimd
994 2926 1201 3002 incolumem
1231 2926 1418 3003 conservet.

194 3023 296 3101 Uxor
324 3023 363 3097 dt
388 3023 483 3100 liberi
507 3047 611 3119 quam
635 3024 810 3118 plurimam
832 3025 892 3119 ipli
911 3025 1052 3097 salutem
1078 3023 1210 3096 dieunt
1258 3023 1418 3115 Madriti,

196 3141 255 3212 ²4·
279 3119 447 3194 Februarii
472 3139 575 3216 1573.
620 3121 832 3198 Reverendae
859 3119 1099 3214 amplitudinis
1116 3118 1234 3194 vestrae
1261 3117 1420 3216 paratilli·

194 3235 272 3289 orus
290 3214 426 3288 servitor
444 3209 658 3312 Joncrnmus
679 3216 886 3292 Houor-:uua

243 3309 364 3383 Literae
381 3309 426 3382 ad
443 3314 629 3387 Adrianum
643 3315 688 3388 de
712 3311 870 3406 Montoia
882 3311 981 3388 vaide
999 3311 1042 3386 ab
1059 3312 1168 3385 amico
1190 3309 1340 3407 quodam
1357 3311 1418 3384 mi·

196 3405 234 3479 hi
257 3405 355 3480 fuere
376 3409 644 3498 commendatam
665 3411 779 3502 itaque
804 3410 919 3502 quaeso
935 3409 1202 3504 Amplitudi'nem
1220 3407 1365 3485 vestram'
1379 3421 1421 3480 ut

196 3503 248 3674 {a}
263 3501 537 3694 Ἢξεὲιέὲἱῑὲίιέἓιῗ
553 3503 731 3600 diligenter
747 3503 812 3581 suis
829 3507 985 3584 mandare
1000 3503 1105 3600 uelit,
1129 3505 1167 3582 dt
1185 3521 1224 3582 ut
1237 3504 1319 3582 mihi
1335 3501 1419 3600 quid
1497 3575 1509 3588 .

216 3621 235 3672 e
535 3653 546 3676 .

598 3897 919 4227 W
