3736 5142
436 421 520 512 266
573 415 885 534 Jononuur
928 413 1206 502 nonsart
1242 419 1559 506 nursronrn

440 583 544 676 ipsius
559 575 725 660 referam3
747 590 898 644 necnon
924 571 1021 664 quod
1039 571 1083 644 de
1108 571 1215 644 notui
1242 569 1416 666 postulatis
1436 572 1663 652 ilustriffimus

443 678 530 752 Dux
548 668 728 764 respondit.
775 667 989 758 Videturque
1007 667 1190 741 admodum
1206 669 1270 740 alte
1285 667 1426 741 Boetius
1448 689 1519 742 rem
1534 687 1666 762 repete-

444 767 619 936 ’θ”ιῗ1ιέΟό
633 761 1358 954 litt,”usstass-stistte
1372 771 1547 934 ists
1567 781 1667 841 ΜΟ

443 883 614 940 momine
657 883 715 934 ιιι
778 915 787 935 .
1268 882 1322 934 cu
1391 883 1409 934 a
1561 883 1666 956 opor-

444 977 505 1034 tet.

436 1055 439 1062 “
491 1057 549 1130 De
567 1054 766 1151 Juramento
791 1049 1018 1145 superioribus.
1029 1050 1198 1125 mensibus
1216 1053 1259 1124 ad
1276 1051 1415 1126 Ducem
1433 1051 1513 1126 Rex
1529 1052 1665 1148 scripfit.

448 1151 613 1226 Ceterum
628 1149 710 1224 nihil
725 1151 802 1222 inde
816 1149 928 1219 adhuc
944 1149 1090 1241 responsi
1106 1147 1153 1220 est
1173 1149 1302 1221 datum.

365 1259 367 1268 ’
496 1247 596 1322 Circa
621 1268 692 1319 tem
716 1245 934 1338 Anglicanam
966 1245 1113 1338 primum
1137 1245 1310 1318 consilium
1340 1239 1538 1314 illustriffimi
1560 1243 1673 1320 Dour

451 1345 531 1418 Rex
557 1343 724 1435 sequitur,
747 1345 869 1432 nempe
893 1359 931 1410 ut
948 1343 991 1413 ad
1010 1359 1145 1430 tempus
1168 1339 1411 1425 dissimuletur,
1435 1337 1546 1430 deque
1564 1340 1669 1412 omni·

449 1441 515 1512 bus
530 1441 670 1510 omnino
696 1437 935 1526 questionibus
959 1433 1123 1505 audietur.
1171 1435 1248 1528 Qua
1266 1433 1309 1503 de
1329 1455 1365 1504 re
1384 1437 1608 1523 procuratum
1624 1435 1670 1510 ad

449 1555 510 1608 vos
528 1547 631 1615 cunt,
654 1529 839 1612 tomellis,
863 1547 939 1614 quae
956 1527 1156 1616 Amplitudo
1170 1526 1279 1606 vestra
1300 1529 1437 1602 videbit

491 1623 677 1715 Superis,
700 1639 777 1707 quae
793 1619 945 1708 proxime
972 1618 1217 1710 perscriptum,
1242 1620 1300 1689 ubi
1318 1623 1375 1692 sua
1389 1622 1545 1713 lllajestas
1559 1627 1676 1699 redie-

442 1722 505 1808 rit,
526 1713 724 1790 mutabitur.
772 1711 898 1804 Etiam
919 1711 1062 1784 multum
1080 1715 1251 1786 remilium
1267 1714 1317 1787 est
1339 1716 1382 1788 de
1400 1719 1511 1808 primo
1527 1717 1588 1791 illo
1606 1721 1673 1795 im·

488 1833 539 1888 tu.

441 1836 487 1984 ,pe
489 1911 547 1982 De
562 1905 730 1978 Foleardo
756 1955 769 1993 ‚
796 1901 1000 1976 Dieterstein
1029 1899 1225 1994 responsum
1248 1904 1291 1976 ab
1315 1905 1522 1998 Imperatore
1549 1908 1582 1983 se
1608 1932 1666 1986 ex·

444 2004 578 2100 pestate
595 2000 651 2076 ait.
700 1998 836 2072 Interim
854 1998 946 2090 apud
965 2017 1021 2070 me
1041 1997 1119 2084 est,
1144 1997 1181 2069 dt
1205 2001 1405 2091 perhonelle
1429 2007 1482 2076 uti
1510 2005 1668 2100 semper,

444 2102 480 2176 se
501 2099 681 2194 gerit‚nec
704 2097 889 2189 quidquam
909 2093 1065 2166 inutiliter
1080 2091 1268 2186 profundit
1316 2099 1363 2170 Et
1383 2098 1459 2172 sane
1482 2100 1561 2172 nihil
1584 2103 1667 2176 milri

444 2194 570 2289 poterit
588 2193 740 2266 accidere
759 2193 883 2285 gratius
901 2241 913 2278 ,
936 2194 1039 2280 quim
1055 2206 1093 2260 ut
1111 2195 1213 2282 quam
1230 2191 1403 2267 diutiffime
1421 2195 1509 2288 apud
1525 2217 1577 2268 me
1596 2197 1666 2288 srt3

443 2294 652 2385 dignumque
676 2287 820 2363 omnino
848 2285 1112 2358 consideratione
1134 2287 1270 2361 uidetur
1293 2291 1329 2362 id
1344 2291 1437 2382 quod
1464 2292 1663 2386 Amplitudo

445 2387 555 2462 vestra
572 2385 652 2458 dicit
669 2437 681 2472 ‚
704 2407 746 2458 ne
767 2401 893 2458 temere
912 2385 947 2454 in
965 2381 1179 2456 Germaniam
1201 2387 1385 2479 ablegetur.
1432 2387 1523 2460 Nam
1540 2389 1668 2464 tametsi

448 2485 584 2580 quidem
606 2482 757 2554 decuria
779 2478 1018 2572 Imperatoris,
1042 2479 1078 2550 dt
1105 2479 1237 2572 juvenis
1256 2482 1475 2571 constantia,
1505 2483 1587 2557 nibil
1616 2485 1667 2558 est

443 2577 666 2668 ,dubitandum
690 2599 700 2648 r
725 2593 837 2650 tamen
861 2573 1063 2665 nescioquo
1082 2577 1346 2672 modosuspeui
1373 2579 1503 2672 semper
1530 2581 1572 2652 ab
1599 2581 1672 2656 iltis

445 2674 640 2749 hominibus
662 2673 865 2760 habentur,
896 2670 956 2763 qui
985 2671 1200 2744 Gennaniam
1227 2677 1393 2749 viderunt
1441 2677 1560 2768 ltaque
1583 2678 1668 2769 Diq-

446 2772 664 2866 tersteynium
681 2791 752 2842 non
766 2770 896 2864 urgebo
913 2790 927 2858 3
949 2764 986 2837 ἃ
1003 2782 1041 2838 ut
1055 2770 1197 2841 maxime
1215 2775 1302 2844 ultro
1320 2771 1514 2865 responsum
1533 2776 1670 2863 veniat,

447 2871 530 2945 nihil
559 2886 670 2940 tamen
694 2919 708 2954 ‚
739 2867 799 2940 nist
821 2861 1052 2958 Amplitudine
1072 2861 1182 2938 vestra
1205 2868 1298 2959 prius
1323 2868 1509 2958 consulta,
1542 2869 1585 2942 de
1611 2871 1673 2944 illo

446 2966 617 3052 statuam,
639 2962 815 3056 ipsumque
832 2961 964 3034 interim
989 2975 1029 3032 ut
1054 2980 1170 3034 meum
1189 2964 1350 3057 habebo,
1383 2963 1421 3040 dt
1447 2967 1481 3038 in
1508 2963 1671 3037 omnibus

445 3065 546 3136 rebus
564 3057 712 3132 honestis
728 3059 877 3132 exerceri
892 3054 1030 3129 curabo.

494 3157 601 3255 Quod
620 3157 663 3228 de
679 3155 789 3230 filiolis
810 3156 891 3228 meis
918 3153 1120 3246 Amplitudo
1146 3155 1252 3232 vestra
1274 3171 1339 3230 tarn
1364 3156 1504 3248 benigne
1528 3152 1632 3228 offert
1646 3209 1670 3247 ,

445 3273 517 3327 non
536 3252 666 3342 possum
681 3274 751 3324 non
767 3251 909 3324 summas
920 3271 963 3348 eo
980 3251 1116 3324 nomine
1132 3273 1230 3346 agere
1248 3251 1374 3346 gratias.
1418 3251 1486 3322 Sed
1500 3252 1671 3342 quoniam

445 3346 511 3440 jam
527 3347 619 3436 Regi
634 3347 702 3418 dixi
721 3349 789 3420 huc
805 3347 880 3422 illos
899 3361 1057 3420 venturos
1068 3348 1125 3435 ,dt
1141 3349 1206 3441 ipse
1217 3347 1312 3420 etiarn
1327 3347 1370 3418 ad
1386 3345 1516 3438 aliquot
1534 3349 1669 3426 menses

448 3461 507 3514 cos
518 3439 690 3511 instituere
709 3444 840 3534 cupio,
863 3449 939 3515 ere
964 3444 1099 3518 videtur
1126 3461 1164 3518 ut
1186 3445 1230 3518 ad
1254 3464 1383 3518 annum
1408 3457 1470 3516 aut
1490 3443 1669 3520 biennium

443 3536 505 3612 hic
535 3537 628 3624 smtq
649 3535 742 3608 unde
766 3557 848 3608 mox
876 3537 1068 3612 Lovanium
1094 3559 1180 3629 eos,
1204 3541 1284 3616 Deo
1311 3542 1481 3628 volente,
1511 3542 1636 3616 mittam
1653 3592 1672 3630 ,

444 3653 486 3708 ut
497 3632 698 3708 ordinarium
714 3631 846 3706 cursum
859 3632 1045 3710 studiorum
1063 3636 1110 3708 ibi
1120 3653 1303 3730 peragant3
1324 3659 1397 3732 quo
1411 3654 1564 3728 tempore
1581 3637 1670 3710 Am-

444 3730 600 3830 plitudini
616 3731 732 3804 vestrae
747 3751 806 3804 eos
822 3733 1078 3806 commendabo.

493 3827 599 3928 Quod
617 3827 661 3902 de
676 3828 768 3904 Filiae
786 3829 997 3904 matrimonio
1014 3827 1217 3922 Amplitudo
1228 3825 1338 3902 vestra
1355 3829 1392 3902 δι
1411 3848 1498 3905 uror
1511 3826 1671 3918 feceritis,

326 4011 335 4022 ‚
444 3943 551 4002 ratum
578 3945 777 4020 gratumque
808 3927 948 4012 habeo,
971 3925 1009 3996 δι
1037 3925 1239 4019 perlibenter
1270 3945 1336 3996 tarn
1360 3927 1401 4000 ab
1429 3921 1670 4014 amplitudine

444 4021 553 4090 vestra
569 4028 672 4107 quarn
690 4023 732 4092 ab
754 4041 857 4092 uxore
872 4021 893 4114 (
902 4020 1087 4092 secundom
1113 4024 1208 4112 quod
1225 4017 1362 4113 scribit)
1388 4018 1545 4112 proximis
1563 4017 1672 4089 literis·

442 4113 621 4202 intelligam
641 4135 794 4200 quaemtm
808 4116 865 4184 illa
885 4113 923 4182 s1t
942 4115 1041 4186 altera
1059 4119 1218 4192 conditio.
1266 4117 1357 4190 Nam
1372 4117 1420 4190 uti
1435 4113 1470 4184 in
1492 4111 1668 4200 omnibus,

326 4227 330 4232 ·
442 4201 754 4396 {tunoriirilclirapciooe’
785 4208 827 4279 ad
855 4208 1030 4284 consilium
1054 4213 1299 4309 Amplitudinis
1315 4213 1432 4292 uelim
1455 4230 1512 4284 me
1540 4229 1674 4284 accont-
