3736 5142
310 485 654 585 Autronium
675 509 733 578 Ae
754 486 961 576 arm
974 483 1325 582 ZUICHEMUM.
1360 513 1446 610 275

222 655 423 742 moriensi,
448 651 484 724 dc
500 647 546 724 lic
563 649 746 742 deinceps,
768 644 917 721 absolute
941 645 1084 753 dicitur,
1105 647 1139 717 in
1154 645 1267 720 dotem
1291 671 1329 723 ea
1348 653 1441 752 affig-

218 755 309 839 nati‚
332 751 425 825 nulla
442 747 535 822 taeta
560 749 730 818 mentione
748 744 866 816 mortis
885 745 1023 830 aliculus
1043 762 1054 810 t
1078 745 1161 813 velit
1185 743 1261 814 scire
1287 745 1343 818 sua
1365 757 1439 822 llla-

216 847 336 944 testas,
359 867 445 920 anne
463 841 606 916 iududio
619 841 653 914 in
672 838 899 932 possellionem
921 839 1078 910 Ecclestae
1097 837 1161 908 suae
1177 837 1370 934 Episcopo,
1388 845 1440 918 illi

217 945 384 1017 continuo
403 941 526 1014 cedere
545 939 688 1009 debeant
704 935 868 1026 ejusmodi
888 933 1091 1006 Monasteria
1108 934 1176 1006 sive
1196 936 1256 1006 alia
1273 939 1440 1032 Collegia,

217 1038 310 1114 salvi
333 1035 474 1110 honesti
499 1035 687 1126 provisione
708 1032 983 1118 Monacho'rum,
1015 1033 1066 1102 uti
1095 1029 1138 1100 de
1159 1031 1438 1124 Bergumenlibus

218 1133 309 1205 bene
323 1132 449 1203 fastum
466 1129 526 1201 est.
573 1129 620 1198 Et
636 1129 660 1200 sr
675 1129 718 1198 ita
738 1119 809 1214 eli,
832 1127 967 1196 videtur
983 1120 1227 1198 Daventrienlis
1251 1127 1437 1220 Episcopus

220 1225 318 1301 fimul
334 1249 372 1298 ac
388 1227 421 1298 in
440 1219 633 1317 possessione
651 1219 773 1310 suerit,
805 1219 1029 1311 sopradidcum
1049 1221 1287 1293 lllonasterium
1310 1225 1441 1299 Sandlae

222 1321 357 1394 Ursulae
383 1323 437 1394 vel
463 1321 626 1413 Agnetis,
656 1314 738 1408 juste
762 1319 853 1410 polle
879 1317 1161 1412 apprehendere,
1192 1319 1368 1392 statuendo
1397 1322 1441 1394 de

221 1415 401 1492 Monachis
414 1417 696 1508 quemadmodum
715 1415 827 1486 decet.

269 1511 324 1586 De
342 1509 566 1587 lla'erlemensr
596 1512 678 1584 nihil
701 1511 812 1583 adhuc
837 1508 964 1602 pallum
988 1509 1152 1582 summum
1179 1510 1376 1586 Pontificem
1396 1515 1439 1588 ab

219 1603 254 1683 fe
266 1609 434 1795 ngrssppctfari
451 1660 464 1697 ,
488 1603 712 1684 illustrissimus
726 1605 912 1681 cardinalis
929 1607 1174 1682 Granvellanus
1190 1629 1300 1702 nuper
1320 1613 1362 1684 ad
1385 1631 1442 1684 me

219 1723 281 1798 per
379 1721 418 1782 n.

265 1797 587 1872 Reverendill‘unum
604 1797 779 1869 dominum
796 1794 961 1864 Somnium
980 1811 1046 1863 tam
1062 1799 1246 1872 honorifice
1262 1803 1296 1871 in
1317 1800 1460 1892 poffel'
1569 1795 1573 1802 ”

219 1893 348 1966 lionem
371 1889 594 1980 Episcopatus
617 1887 869 1978 Antuerpienlis
901 1883 937 1952 dt
961 1887 1113 1958 Abbatiae
1143 1891 1254 1960 Sancti
1280 1893 1442 1968 Bernardi

222 1983 429 2070 muudum,
451 1981 633 2074 plurimum
661 1977 752 2050 suam
774 1975 982 2070 Maiestatem
1006 1979 1043 2048 da
1066 2001 1129 2054 nos
1156 2002 1274 2054 omnes
1297 1983 1443 2060 deroda-

221 2081 281 2156 vlt.
330 2080 409 2152 Nec
426 2079 536 2150 miuus
557 2075 601 2148 de
621 2073 786 2168 Episcopo
801 2071 1048 2145 Bulcoducensr
1063 2075 1193 2148 accidit.

267 2172 321 2247 Ut
338 2176 381 2247 de
404 2173 564 2265 pensione
585 2169 843 2244 Echternacenli
863 2167 989 2262 perdita
1004 2169 1089 2241 filus
1106 2171 1233 2242 domini
1249 2170 1443 2248 Berlamon-

221 2265 260 2342 nl
282 2269 497 2356 resarciatur,
521 2267 628 2360 primi
645 2268 779 2358 quique
805 2263 1001 2352 occasione,
1021 2267 1110 2337 calm
1131 2267 1174 2338 de
1195 2269 1296 2340 rebus
1312 2271 1443 2346 monas·

219 2361 294 2438 ticio
321 2381 461 2456 agetur,
493 2364 670 2456 diligenter
691 2381 780 2435 curae
804 2361 960 2452 habebo,
983 2363 1035 2436 uti
1059 2359 1102 2433 ad
1127 2361 1235 2455 ipsum
1263 2365 1442 2440 dominum

220 2455 486 2534 nerlamonnum
509 2459 647 2532 scribam
661 2455 768 2531 lntlus.

267 2553 363 2650 Quid
384 2557 428 2630 de
457 2557 562 2630 unctu
588 2553 691 2628 nost-ri
713 2553 881 2648 pullulatis
907 2551 1036 2626 fastum
1061 2555 1121 2646 stt,
1144 2575 1188 2629 ex
1212 2558 1311 2630 literis
1324 2557 1448 2652 Regiie

221 2649 424 2742 Amplitudo
449 2653 557 2726 vestra
579 2649 773 2744 cognoscet.
823 2651 900 2721 Nec
927 2655 1011 2723 vero
1036 2650 1219 2726 secundum
1245 2649 1442 2728 illustrissrmi

221 2741 328 2820 Ducis
343 2747 587 2846 rescriptionem
602 2749 691 2822 aliud
704 2747 838 2820 efficere
859 2747 978 2840 potui3
1002 2745 1040 2818 dc
1055 2743 1135 2818 clim
1157 2748 1354 2840 posteriores
1370 2749 1443 2822 lite-

221 2859 266 2916 re
284 2837 385 2915 Bertii
398 2845 441 2916 ad
457 2865 511 2918 me
530 2847 707 2934 venirent,
728 2843 792 2936 jam
810 2863 863 2918 res
879 2845 987 2917 multo
1002 2857 1078 2915 ante
1096 2859 1164 2916 erat
1186 2843 1376 2918 constituta.

266 2931 324 3010 De
349 2937 576 3012 commissione
604 2941 836 3033 Amplitudinis
865 2933 1003 3027 vestrm,
1029 2939 1085 3010 ubi
1110 2961 1183 3013 eam
1212 2941 1282 3013 huc
1307 2941 1448 3015 mittere*

219 3029 405 3125 placuerit,
430 3035 734 3134 omnia-diligenter
759 3039 965 3130 procurabo,
989 3033 1064 3107 &si
1081 3051 1148 3127 qua
1172 3051 1272 3130 queat
1288 3036 1359 3111 lieri
1382 3051 1442 3128 per

220 3129 348 3218 otium,
374 3148 412 3202 ut
431 3133 557 3204 domini
578 3127 724 3224 Tysnaci
741 3131 1002 3205 commillionem
1021 3153 1110 3204 nunc
1126 3133 1274 3222 mittam,
1297 3132 1442 3220 saciam3

221 3221 270 3298 sur
290 3226 423 3316 minus,
439 3247 508 3320 per
526 3229 667 3320 primum
686 3228 852 3300 cursorem
870 3229 904 3300 id
920 3233 1061 3300 omnino
1080 3228 1152 3300 sum
1172 3228 1333 3303 fasianis.

270 3321 389 3392 Lirerae
409 3319 593 3396 Cardinalis
616 3323 791 3415 Segunrini
809 3325 852 3396 ad
874 3324 1138 3416 Amplitudinem
1157 3325 1298 3399 vestram
1323 3321 1442 3420 perfri-

224 3415 311 3510 gidae
330 3417 412 3485 mihi
435 3417 510 3488 visae
529 3417 626 3510 liant3
650 3419 707 3490 scd
725 3421 774 3492 uti
792 3419 867 3491 sunt
886 3421 1041 3492 homines
1059 3421 1102 3490 ita
1120 3421 1159 3492 iis
1176 3425 1351 3496 utendum.

235 3544 249 3605 3
271 3509 376 3606 Quod
393 3511 436 3580 de
454 3509 614 3584 Folcardo
630 3515 829 3606 Amplitudo
846 3516 952 3588 vestra
970 3533 1036 3588 tam
1053 3516 1230 3612 diligenter
1247 3518 1447 3610 quaerit,is,

223 3601 294 3674 laus
310 3603 454 3698 superis,
478 3607 564 3680 bene
589 3611 699 3696 valet,
720 3613 1008 3704 quemadmodum
1028 3629 1101 3684 toro
1125 3617 1189 3682 hoc
1207 3615 1325 3686 itinere
1348 3613 1441 3688 lecit.

222 3700 338 3794 Atque
359 3705 407 3774 uti
423 3724 563 3798 corpure
582 3709 784 3800 perpulchro
802 3707 874 3792 est,
890 3708 949 3774 'ita
972 3707 1009 3774 dc
1038 3705 1107 3774 vita
1130 3725 1169 3772 ac
1196 3707 1345 3774 moribus
1369 3719 1444 3776 non·

223 3793 333 3870 munds
357 3801 515 3892 pulchr're.
565 3801 625 3870 ule
654 3801 689 3867 in
710 3797 881 3878 Ecclesia,
904 3795 1035 3880 mensa,
1060 3796 1096 3862 da
1116 3797 1208 3863 omni
1226 3795 1441 3866 consuetudi·

222 3911 290 3978 ne,
307 3911 343 3968 ut
360 3913 487 3988 patrem
507 3891 672 3965 observat.
719 3887 879 3960 Versatur
899 3907 977 3957 cum
992 3886 1219 3958 honestissimis
1235 3889 1444 3982 quibusque,

182 3985 190 4004 ⁰
223 3991 380 4060 exercitia
395 3993 475 4064 facit
488 3987 640 4062 honesta.
687 3983 868 4058 Pecuniam
887 3981 1063 4075 diligenter
1083 3981 1250 4072 custoditr
1268 3987 1303 4056 dt
1321 3985 1345 4056 sr
1364 4007 1443 4080 quae

224 4081 300 4151 sum
316 4087 378 4155 alla
396 4087 581 4178 ejusmodi,
603 4083 646 4156 ad
662 4083 818 4156 virtutem
838 4082 962 4153 omnia.
1007 4079 1099 4153 Bene
1118 4079 1192 4154 saud
1210 4082 1329 4155 accidit
1345 4086 1443 4178 quod

224 4169 410 4264 imperator
439 4181 689 4272 Dietersteynlo
719 4179 873 4252 nondum
901 4176 1085 4269 quidquam
1111 4177 1290 4274 respondit.
1350 4185 1441 4255 Nam

224 4269 291 4362 jann
311 4269 355 4339 illi
378 4273 415 4342 id
430 4275 709 4362 orririreserenti,
733 4272 975 4347 &dilationem
998 4277 1087 4366 aegre
1107 4273 1250 4366 ferenti,
1274 4277 1343 4348 dixi
1369 4295 1441 4348 non

226 4365 337 4442 minus
360 4383 494 4460 gratum
524 4372 623 4448 nobis
646 4371 749 4459 sore,
781 4369 865 4442 sriu
889 4389 1006 4535 compar
1014 4369 1250 4535 ml’rgncipunr,
1281 4371 1441 4461 quicum
1580 4367 1584 4374 '
