3746 5142
22 657 24 690 ι
232 567 317 656 no
335 559 577 648 vromuro
590 577 648 641 na
664 553 871 641 Arnon
891 553 1245 652 zutcrmrrurr.
1316 591 1332 654 ι
1341 595 1398 686 33·

22 701 24 758 ἐ
182 721 231 797 nis
246 723 312 795 suis
335 720 448 816 (uam
480 715 581 787 babet
603 715 680 808 plus
703 729 805 806 quam
830 711 1024 806 ottingene
1042 716 1189 816 annila)
1217 719 1395 843 libamem

22 849 24 884 ε
183 819 307 894 rurore.

226 913 382 988 Proxime
402 962 416 998 ,
436 923 496 981 aut
510 927 554 980 ex
569 907 687 980 itinere
705 903 902 998 scripturum
919 927 974 981 me
998 907 1121 1002 spero,
1144 929 1206 988 aut
1230 921 1320 990 certe
1335 939 1397 1013 pe-

22 1071 25 1104 ,
182 1011 322 1084 resarum
352 1008 390 1078 dt
417 1017 604 1077 oneratum.
660 1002 794 1074 Interim
822 1054 841 1089 ,.
866 1003 1102 1079 Reverendam
1129 1009 1395 1103 Amplitudinem

159 1115 163 1124 '
181 1101 560 1192 oelbamletimnarque
575 1097 672 1170 etiam
688 1099 798 1168 valere
812 1095 938 1187 iubebo
953 1150 967 1189 ,
985 1099 1023 1172 dt
1045 1122 1101 1176 me
1119 1104 1178 1196 ipll
1196 1121 1270 1179 toro
1284 1111 1397 1186 animo

22 1251 23 1262 a
149 1269 155 1282 ,
185 1199 447 1274 commendabo.
490 1194 645 1280 Modesti.
657 1193 841 1286 penultimd
857 1194 949 1289 junii
967 1199 1070 1286 1567.

232 1293 313 1368 Rex
329 1292 478 1366 nondum
492 1289 671 1362 declaravit
688 1289 836 1363 'serrone
859 1309 901 1360 an
920 1289 1014 1365 mart
1033 1314 1097 1368 nos
1112 1296 1194 1372 velit
1211 1299 1400 1398 proficisci,

184 1389 243 1464 sed
260 1406 347 1482 puto
365 1409 448 1462 eum
459 1387 554 1460 brevi
568 1385 747 1459 sudorum.
873 1461 875 1466 .

230 1483 392 1558 Conveni
412 1485 542 1578 Regem
559 1482 602 1554 de
617 1481 786 1555 laboribus
802 1481 969 1579 utriusque
990 1485 1150 1564 secretarii
1168 1491 1307 1566 Vander
1325 1497 1395 1587 Aa,
1469 1499 1474 1510 '

182 1581 220 1656 dt·
237 1581 372 1669 Bertii,
396 1582 432 1654 dt
449 1582 545 1673 quod
563 1581 663 1672 plane
687 1579 780 1674 digni
803 1577 900 1653 etiam
923 1583 1064 1676 Amplit.
1093 1584 1210 1684 vestrae
1238 1609 1394 1666 remune-

179 1678 305 1752 udone
334 1679 498 1752 videntur.
555 1675 627 1773 Qui
654 1673 859 1768 perbenigne
884 1677 1085 1772 respondit,
1107 1681 1142 1755 se
1170 1685 1206 1757 in
1233 1689 1393 1764 memorio

179 1772 366 1850 habiturum
384 1797 403 1862 ι
428 1797 494 1846 nec
521 1772 775 1856 dubitandum,
797 1769 881 1857 quin
898 1823 915 1860 ,
935 1776 993 1846 ubi
1024 1779 1187 1869 venerit,
1222 1780 1396 1860 liberaliter

22 1969 23 1976 ἵ
181 1871 330 1945 cumillis
349 1869 551 1944 srtadlums

221 1965 404 2043 Heslelium
413 1965 562 2038 nostrum
571 1960 748 2055 quaestioni
762 1958 974 2053 praeputatum
991 1960 1135 2056 gaudeo.
1154 1962 1282 2058 Siquis
1296 1970 1406 2061 allius,¹

22 2135 23 2138 a
176 2061 228 2134 ule
252 2061 405 2138 funditus
420 2060 607 2154 explorabit
628 2057 809 2130 veritatem.
843 2056 1056 2129 Reverendae
1067 2059 1307 2154 Amplitudinis
1323 2067 1400 2141 ves.

175 2170 236 2234 πε
254 2156 627 2232 Paratiffimusservitor
645 2153 860 2246 Joacrrrmua
885 2150 1090 2227 Hormus.

403 2345 866 2433 uorsoona
948 2301 1178 2434 xxvn

231 2562 348 2646 aaa.
379 2549 508 2640 norm
525 2501 905 2748 Antvoponffio
921 2575 992 2667 quo
1007 2548 1047 2640 n
1070 2549 1244 2750 affola
1253 2579 1396 2670 poan..

173 2668 283 2758 denti
304 2667 476 2774 motatio)
498 2661 703 2774 excostatio'.
839 2683 1006 2777 goopere
1024 2686 1101 2776 pro
1125 2683 1170 2752 at
1187 2668 1281 2756 Roo
1297 2671 1395 2763 Poe

172 2781 302 2894 lippus
323 2775 525 2892 Collegium
546 2775 571 2864 l
591 2773 724 2888 Vtglio
746 2771 917 2864 Muooii
937 2772 1111 2887 iussioni:
1129 2771 1133 2782 “

177 2983 255 3184 S.
282 3081 319 3157 Ρ.
366 3083 573 3160 Reverendo
593 3081 724 3160 Praestd.
748 3083 905 3180 Tempus
927 3103 999 3160 non
1022 3083 1144 3178 patitur
1165 3087 1274 3188 (nam
1302 3106 1405 3168 exua‘

175 3181 330 3254 ordinem
348 3179 385 3252 dt
404 3202 446 3255 ex
466 3181 639 3275 inopinato
653 3183 726 3254 haec
744 3179 912 3274 conjicio)
934 3197 972 3254 ut
988 3183 1084 3275 plura
1100 3183 1262 3277 scribim3
1284 3189 1396 3284 itaquo

174 3275 380 3349 condonabit
413 3278 552 3370 Amplit.
576 3275 684 3352 vestra
715 3277 810 3371 quod
840 3277 912 3350 sum
935 3277 1060 3351 brevis.
1108 3281 1237 3355 Literas
1268 3283 1394 3360 vestras

174 3392 297 3446 omnes
319 3371 537 3464 accepimus,
560 3373 604 3468 ad
630 3394 716 3468 quas
736 3376 816 3448 Rex
835 3387 912 3446 ante
935 3373 1086 3466 proximi
1104 3377 1246 3450 cursoris
1266 3381 1395 3454 adven,

173 3485 253 3541 tum
278 3485 349 3536 non
376 3466 714 3562 statuitrespondete„
771 3469 830 3544 De
857 3469 981 3541 Editio
1007 3472 1248 3567 Antverpiensr
1271 3479 1393 3550 merito

173 3561 387 3638 succensetis.
433 3565 572 3638 Etsane
590 3566 688 3638 unius
702 3563 755 3658 est¹
770 3559 898 3638 sudum
913 3563 1081 3653 hominis,
1105 3589 1174 3640 non
1195 3571 1394 3643 omninoin-

172 3655 449 3752 telligentiffimi,
470 3659 531 3753 qui
550 3661 644 3735 nobis
666 3659 879 3734 inscientibus
902 3659 1063 3750 scriptum
1087 3661 1155 3733 hoc
1176 3663 1331 3734 Latinum
1355 3663 1394 3740 δι

173 3753 391 3850 Hispanicum
417 3757 507 3850 Regi
522 3757 675 3847 obtulit,
687 3757 802 3848 quod,
824 3770 864 3825 ut
881 3773 943 3844 per
960 3753 1072 3826 literas
1091 3754 1304 3828 illustriffimae
1320 3755 1395 3831 Do·

173 3853 271 3924 minae
296 3851 435 3924 Ducissae
459 3852 705 3948 cognovimus,
728 3851 772 3920 ad
788 3847 891 3943 ipsam
910 3846 1007 3918 misit.
1057 3847 1147 3920 Rem
1163 3869 1300 3922 omnem
1319 3873 1395 3947 per.

174 3944 311 4018 scribam
332 3947 627 4038 proximis-literis..
666 3947 770 4020 Nunc
797 3944 924 4016 tantum
945 3939 1091 4028 addam,
1115 3965 1227 4039 neque
1251 3945 1393 4044 Amplit.

173 4045 314 4114 veiham
332 4095 345 4129 ,
372 4065 490 4139 neque.
512 4061 718 4136 quamquam
744 4037 961 4136 Collegarum
981 4035 1199 4132 nostrorum,
1222 4047 1394 4124 autetiam

173 4131 438 4227 Domitiorum,
459 4143 568 4214 vereri
603 4140 758 4226 debere,
788 4135 854 4210 vel'
873 4133 1041 4206 minimam
1065 4135 1182 4233 Regiae
1209 4141 1393 4236 Maiestatis

174 4229 354 4301 adversum
378 4230 411 4302 se
436 4233 499 4308 elle
514 4234 735 4330 suspicionem
754 4256 767 4323 ς
789 4231 847 4306 sed
872 4247 1019 4323 contra,
1041 4238 1182 4310 omnino
1204 4241 1330 4330 optime
1349 4241 1392 4310 de

174 4323 279 4396 vobis
296 4321 450 4418 sentire,
475 4329 513 4400 dt
531 4331 675 4407 summas
691 4327 952 4421 babere-gratias
966 4327 1012 4398 de
1035 4351 1071 4402 re
1101 4333 1190 4404 bene
1209 4333 1327 4426 gella,
1355 4343 1407 4398 ut·

25 4499 26 4526 x
173 4417 296 4516 reipsa
322 4421 467 4520 Amplit.
498 4428 605 4502 vestm
626 4426 786 4522 intelliget
802 4425 877 4517 ,.&
895 4421 949 4495 alii
974 4442 1044 4496 non
1067 4425 1189 4500 minus.
1236 4425 1333 4511 Sed,
1354 4437 1400 4495 ut
