3736 5142
327 375 414 472 'no
429 334 738 467 mortuum
755 365 1333 466 nrrrnnmcrmmum.
1369 393 1454 493 ης
1526 421 1528 430 ›

215 535 474 638 profectionem
499 527 753 617 cmrsuiuilsent,
780 527 1001 638 autlroripsas
1025 549 1097 601 non
1122 530 1261 608 fuissem.
1309 537 1367 610 Ad
1391 539 1451 613 mi.

212 636 412 734 ,grationem
429 627 848 734 Complutensemomnes
858 624 1083 718 aspirant3sed
1096 629 1346 719 expectabimus
1360 634 1461 710 mani

135 811 139 819 ,
216 735 303 814 data
319 729 449 814 vestra,
473 725 511 798 δι
533 723 618 814 quid
638 743 744 816 magis
765 741 885 794 mrem
899 721 962 808 srt,
985 721 1044 814 ipsi
1062 725 1162 794 etiam
1179 724 1401 818 dispiciemus.

274 827 448 924 Quoniam
470 823 514 894 de
533 822 674 894 Fetiano
696 817 783 890 sacia
811 816 861 888 est
882 819 1031 906 mentio,
1061 817 1145 891 is&
1159 839 1246 895 uxor
1270 824 1451 900 vehemen-

223 925 346 1000 tissime
365 937 522 1014 optarent
537 933 576 990 ut
595 917 724 989 caudam
742 913 890 986 servitori
904 913 1127 1024 'anaeipsruq
1143 917 1289 1026 dominc
1301 919 1346 992 de
1361 919 1451 994 Dor.

220 1040 330 1172 ΨΨ’
351 1009 1449 1202 sssssss..ssssssssnsssssas.sessis

220 1131 872 1375 Wratiattlj‘otrem·illinitumdurgiifiseffilgalrulpg,
894 1217 932 1275 ut
936 1205 1005 1371 fh?
1023 1223 1090 1294 qua
1108 1226 1168 1296 per
1186 1208 1278 1374 legele
1301 1164 1449 1282 unuani

222 1305 599 1478 suessam.
689 1315 874 1508 ..sem
893 1398 1252 1498 Q
1268 1303 1450 1476 susa:
1519 1493 1522 1501 ,

220 1497 323 1572 tione
354 1497 442 1570 effici
469 1493 566 1590 poliat
589 1509 628 1567 ut
655 1507 786 1578 exterus
804 1493 840 1564 rd
862 1493 1014 1582 habeat,
1037 1510 1160 1586 petunt
1184 1511 1224 1570 ut
1243 1497 1447 1590 Amplitudo

194 1645 205 1670 ,.
226 1593 337 1668 vestra
353 1594 390 1666 id
405 1593 488 1668 milri
506 1590 669 1686 signsicet
693 1611 703 1662 a
729 1586 763 1662 se
780 1588 903 1681 reliqua
921 1589 974 1663 hic
990 1593 1083 1687 apud
1099 1595 1232 1687 Regem
1250 1611 1449 1687 procuratu·

219 1710 296 1765 ros.
344 1693 399 1763 Ac
426 1691 504 1782 quia
517 1688 657 1779 quidem
676 1685 813 1758 Ducilsa
829 1705 868 1756 ca
882 1685 973 1758 dere
991 1689 1034 1761 ad
1052 1689 1156 1763 aviam
1171 1691 1282 1763 scribit
1300 1713 1360 1784 per
1375 1693 1449 1766 lite·

225 1806 281 1860 ras
302 1786 354 1860 his
375 1785 528 1876 iusidias,
549 1801 623 1853 non
647 1779 770 1849 dubito
791 1781 875 1867 quin
889 1779 927 1848 dt
943 1781 1003 1870 ipss
1020 1785 1288 1876 Amplitudinem
1305 1788 1449 1862 veslaam

217 1882 327 1956 eade
342 1900 381 1952 re
404 1871 670 1969 interpellabunt.

278 1976 336 2051 De
358 1966 499 2066 negotio
521 1966 760 2061 Amplitudinis
790 1965 933 2057 vestre,
957 1985 1075 2040 omnes
1101 1970 1215 2041 omnia
1229 1969 1320 2042 bont
1336 1973 1450 2047 dicere

221 2091 270 2144 -ac
293 2069 471 2168 polliceri,
493 2087 533 2139 ac
557 2061 754 2136 nominatim
775 2063 1005 2150 Conchensu,
1029 2065 1087 2154 qui
1103 2063 1228 2136 abhinc
1248 2068 1362 2158 pauc‘n
1382 2067 1453 2142 die-
1558 2105 1572 2130 Ι

225 2168 298 2241 uus
317 2167 407 2240 suam
419 2160 628 2254 Maiestatem
644 2179 683 2230 ea
701 2159 745 2233 de
757 2181 795 2233 te
814 2159 1049 2250 compellavit,
1071 2159 1304 2255 optimumque
1317 2163 1454 2259 respon-

227 2259 306 2334 sum
334 2259 457 2334 retulit
503 2253 584 2329 Nec
604 2255 692 2326 aliud
712 2254 928 2350 expectamus
943 2261 1045 2349 quim
1064 2271 1103 2328 ut
1122 2257 1258 2332 tandem
1272 2259 1330 2332 fiat
1342 2261 1455 2338 decla-
1536 2285 1539 2292 ’

228 2355 338 2446 datio,
361 2357 415 2430 vel
431 2355 487 2430 laic
504 2355 559 2426 vel
574 2348 680 2424 isthic.

279 2454 428 2529 Gratiam
451 2451 653 2528 Generalcm
672 2449 897 2545 amplissimam
922 2451 956 2525 se
975 2451 1135 2526 datorum
1152 2448 1232 2526 Rex
1251 2451 1384 2547 sonpet
1404 2451 1470 2542 aff

225 2548 364 2639 firmat,
386 2548 444 2622 sed
467 2549 565 2643 quod
590 2567 699 2639 nuper
724 2547 964 2641 conjiciebam,
996 2569 1088 2622 nunc
1111 2548 1192 2621 scio.
1240 2548 1452 2643 Expedsatut

227 2643 353 2720 isthinc
368 2644 561 2738 responsum
574 2645 617 2716 ad
631 2640 845 2718 difficultates
860 2646 913 2716 iric
929 2662 1056 2732 motas,
1079 2645 1303 2736 mactaturque
1320 2648 1452 2720 interint

233 2739 331 2814 causa
352 2741 582 2829 Monteniaci3
601 2738 638 2813 dt
664 2739 797 2814 fortasse
817 2739 1028 2828 civitatibus,
1051 2743 1112 2832 qui
1138 2741 1248 2813 minus
1269 2741 1453 2837 obsequela·-

226 2847 285 2909 tes
299 2835 416 2925 suere,
438 2838 566 2932 aliquid
586 2833 801 2930 imponetur,
824 2839 891 2910 sive
910 2837 1004 2932 jugi,
1027 2838 1324 2929 srvepaenitentiae.
1516 2912 1519 2918 ,

278 2931 336 3006 De
364 2933 621 3026 Episcopatibus
645 2935 710 3023 ita,
733 2933 783 3010 uti
805 2933 1029 3007 illustrissimus
1051 2935 1135 3008 Dux
1161 2929 1362 3026 perscripsit,
1383 2934 1453 3008 sae-

225 3043 307 3102 cum
325 3027 387 3102 est.
436 3031 582 3122 Fecique
603 3029 712 3102 obiter
725 3030 931 3103 mentionem
954 3031 1120 3120 Vetlenii,
1145 3029 1265 3120 ecquid
1279 3031 1366 3104 illius
1384 3031 1452 3104 fot·

225 3123 309 3198 casse
334 3123 395 3198 suo
418 3145 571 3220 tempore
593 3125 679 3198 ratio
693 3127 806 3201 habeti
831 3125 952 3221 posit,
974 3145 1015 3202 ut
1040 3147 1101 3220 pet
1122 3127 1229 3199 literas
1249 3127 1453 3221 regiasdm·

223 3221 366 3314 pseudo
386 3221 493 3295 vestra
510 3225 650 3296 videbit.
1517 3275 1520 3280 Α

282 3317 472 3408 Negotium
488 3321 710 3411 praeposrturae
727 3321 843 3394 vestrae
862 3322 973 3396 atium
986 3341 1025 3394 ac
1044 3320 1243 3395 musacium
1258 3318 1331 3405 est,
1355 3319 1401 3391 ita
1416 3331 1456 3391 ut

222 3409 395 3484 volume.
444 3415 663 3508 Addebatque
687 3416 787 3507 Rex,
811 3418 848 3490 dc
875 3420 1091 3513 perlubentet
1110 3416 1294 3503 sefacere,
1327 3415 1365 3490 δι
1382 3433 1454 3488 reru

223 3505 297 3578 ‘dibi
313 3506 420 3579 videri
445 3510 678 3600 aequislimam,
701 3511 843 3604 sumque
866 3537 958 3588 nunc
978 3513 1012 3586 in
1029 3515 1120 3602 hoc,
1149 3529 1210 3602 ut,
1232 3533 1310 3608 quae
1328 3513 1454 3600 reliqua

224 3597 332 3690 sunt,
355 3605 457 3696 quan
478 3607 661 3698 optinere
678 3607 943 3682 favorabililiime
959 3611 1049 3682 fiant.

281 3699 440 3773 Formam
464 3701 549 3774 eirca
572 3725 644 3775 rem
664 3705 880 3794 Anglicanam
901 3705 981 3773 hine
1002 3703 1238 3790 transmissam,
1259 3701 1354 3770 isthic
1382 3719 1454 3774 non

224 3794 411 3892 placuisse,
443 3799 570 3870 multos
598 3797 654 3868 hic
680 3799 765 3866 male
787 3795 914 3865 habuit.
963 3796 1061 3892 Quos
1085 3809 1196 3864 tamen
1221 3794 1456 3886 placavimus,

223 3909 396 3986 quantum
413 3893 586 3984 potuimus
597 3911 610 3980 3
621 3905 819 3982 tantumque
837 3887 1009 3962 effecimus
1027 3903 1065 3960 ut
1084 3907 1185 3960 omne
1202 3887 1341 3962 ommno
1360 3895 1455 3985 quod

233 3989 385 4080 petitur,
408 3990 567 4062 mittatur.
599 3985 708 4059 Aiunt
725 4005 839 4058 autern
852 4007 922 4058 non
940 3985 1003 4058 esse
1021 4005 1112 4060 nunc
1133 3979 1338 4079 tempus,'ut
1354 4011 1456 4088 prop·

236 4093 287 4149 ter
299 4085 544 4174 reputationem
561 4104 613 4156 res
630 4097 727 4155 tantae
744 4083 870 4156 tamdiu
888 4082 1093 4158 differantur.
1128 4081 1198 4156 Sed
1218 4103 1285 4179 ego
1302 4108 1372 4162 non
1394 4090 1457 4164 du-

135 4217 144 4242 .
232 4172 311 4246 bito
326 4177 650 4266 quinusustrisiimus
667 4177 752 4252 Dux
769 4179 901 4253 summo
917 4182 1055 4256 consilio
1070 4180 1181 4255 omnia
1200 4197 1285 4276 agat.

15 4297 16 4306 Ν
283 4267 343 4344 De
368 4271 472 4368 rebus
499 4277 637 4355 Gallicis
664 4271 778 4368 dunt,
806 4273 1202 4466 Huguemffimrrm
1230 4281 1323 4354 haud
1350 4277 1454 4368 pauiu
