3736 5142
450 507 539 602 254
575 483 901 606 Jororrrrrr
929 481 1217 576 norrnnr
1242 485 1571 580 nersronm

450 672 527 724 non
544 649 671 742 possum
687 645 819 734 dicere,
841 641 933 736 apud
950 639 1087 735 Regem
1109 653 1219 716 nmen
1236 641 1323 716 solus
1339 663 1409 718 non
1429 646 1549 720 omitto
1566 650 1674 744 quin,

449 747 521 820 sine
541 743 706 838 cujusque
722 740 870 828 invidia,
891 739 928 814 iu
944 737 1040 829 qnod
1053 759 1105 814 rer
1119 738 1170 812 est
1183 737 1353 832 melligo

497 841 614 913 Allato
631 839 743 913 libello
761 839 805 910 de
820 835 988 910 centesimi
1005 834 1125 908 denarii
1141 835 1365 924 collebono,
1388 838 1546 930 quoniam
1564 841 1673 918 orium

450 956 521 1010 non
538 934 682 1009 habebat
698 935 743 1010 ad
759 953 839 1008 eum
862 933 1125 1028 perlegendum,
1146 933 1312 1008 summam
1340 931 1411 1026 ejus
1435 941 1529 1010 ime
1556 939 1674 1010 audire

377 1068 381 1078 ·
451 1033 592 1112 voluit:
615 1032 773 1121 addens,
802 1031 936 1124 placere
963 1027 1024 1104 ilbi
1046 1029 1141 1122 quod
1165 1029 1289 1110 decimi
1314 1049 1353 1102 ac
1379 1031 1526 1108 vicesrmi
1550 1033 1675 1110 denarii

451 1127 592 1211 indiculo
610 1127 645 1204 in
664 1129 759 1202 aliam
777 1127 923 1204 formam
943 1141 1052 1219 coepta
1070 1124 1120 1198 est
1141 1125 1276 1198 mutari.

391 1309 397 1318 ⁵
500 1223 686 1305 Consilium
702 1224 943 1319 ,Amplituoinir
958 1217 1076 1298 vestro
1092 1221 1136 1294 de
1149 1217 1365 1316 profectione
1383 1220 1496 1299 uxoris
1511 1242 1572 1314 per
1588 1219 1676 1300 Bur·

369 1366 372 1377 ‹
449 1323 615 1416 gundram
633 1344 672 1396 ae
688 1323 884 1398 sabaudiam
905 1319 1063 1394 Genuam
1088 1317 1194 1414 usque
1214 1318 1295 1396 milri
1321 1320 1516 1408 probatur:
1544 1320 1581 1392 ἀ
1599 1321 1675 1418 qui-

450 1423 531 1492 dem
558 1442 603 1492 eo
626 1441 680 1490 rna
738 1471 751 1506 ‚
775 1420 869 1509 quod
892 1417 1026 1506 Regina
1052 1413 1162 1486 nostre
1183 1412 1296 1485 mense
1321 1412 1448 1485 Mrrtio
1471 1431 1530 1488 aut
1551 1415 1675 1508 Aprilis

449 1513 496 1588 ibi
511 1526 655 1603 putetur
698 1526 816 1599 utura3
835 1512 873 1588 in
898 1509 994 1600 cnjus
1013 1507 1189 1580 Comitem
1214 1506 1293 1585 inde
1313 1507 1531 1586 Bncmomm
1550 1514 1677 1602 poterit

450 1603 606 1694 traiicere.
654 1603 731 1698 Qua
749 1604 793 1674 de
812 1623 848 1678 re
864 1601 907 1670 ad
927 1601 1102 1680 dominum
1117 1598 1400 1690 -Chnntoneium‚
1425 1606 1484 1701 qui
1513 1611 1582 1680 uni
1603 1608 1678 1680 huc

446 1714 609 1788 venturus
633 1695 759 1784 ferm,
789 1693 917 1781 scribo,
940 1707 978 1764 ut
993 1692 1220 1786 Amplitudini
1238 1695 1356 1770 vestrae
1371 1697 1550 1792 fignificare
1566 1701 1678 1791 velit,

445 1813 516 1886 quo
536 1811 690 1886 tempore
707 1811 793 1864 uxor
806 1811 883 1862 mea
899 1789 1031 1863 Genuae
1048 1789 1159 1862 adesse
1175 1789 1322 1882 debeam
1341 1791 1379 1863 δι
1394 1807 1433 1864 ot
1451 1795 1495 1869 eo'
1512 1793 1585 1886 ipse
1596 1817 1674 1870 cum

445 1889 580 1984 Regina
605 1887 769 1975 veniens,
801 1883 920 1976 srqua
946 1904 982 1955 re
1005 1879 1128 1976 polilt,
1149 1904 1223 1960 eam
1250 1881 1362 1976 juvare
1390 1890 1481 1962 velit.
1531 1891 1675 1984 Reliqua

448 1983 692 2077 impedimenta
710 2003 771 2073 per
788 1979 968 2055 Oceanum
989 1978 1153 2055 mittenda
1168 1981 1312 2069 censeo,
1331 1982 1580 2078 diligenterque
1588 2009 1673 2082 ‚pro

446 2080 636 2156 curandum
652 2093 690 2151 ut
710 2083 815 2170 quim
830 2075 1001 2170 optimum
1020 2074 1145 2148 ducem
1176 2076 1299 2152 itineris
1325 2078 1396 2172 ipsa
1418 2081 1548 2156 habeat.
1591 2085 1672 2181 Qua

446 2177 485 2258 in
503 2199 565 2267 re,
601 2174 694 2256 &iu
719 2172 1051 2267 mimicorum,
1074 2169 1216 2253 obsecro
1237 2176 1509 2267 Amplitudinem
1530 2178 1670 2256 velum

448 2289 506 2362 ut,
531 2270 818 2444 quegadmodum
835 2267 964 2364 semper
984 2267 1067 2342 fecit
1076 2275 1095 2358 ,'
1113 2266 1206 2341 suam
1220 2268 1267 2344 ilii
1281 2291 1386 2364 opem
1405 2273 1443 2347 δι
1457 2296 1595 2371 opernm
1611 2277 1673 2350 im·

473 2371 597 2444 arciriv
629 2370 667 2442 it.

446 2389 472 2468 p
494 2467 675 2540 Folcardus
691 2464 804 2538 aeliruc
817 2481 954 2538 mecum
972 2461 1043 2552 est,
1065 2465 1328 2558 necquidquam
1350 2467 1398 2540 iili
1414 2467 1501 2560 perit
1512 2469 1674 2562 temporis

446 2563 494 2646 ud
515 2564 561 2640 lin
587 2584 664 2646 uam
687 2561 725 2636 δι
743 2561 806 2638 alin
829 2559 1053 2649 addiscendo,
1084 2562 1156 2654 geri
1194 2583 1238 2642 ue
1264 2561 1299 2638 se
1325 2562 1362 2639 lie
1382 2561 1607 2646 homffiffime
1635 2565 1674 2640 uc

449 2584 714 2746 modeffiisrme3
736 2657 782 2729 ita
799 2670 839 2731 ut
864 2671 1022 2752 unquam
1045 2655 1152 2734 filium
1216 2678 1274 2730 um
1298 2658 1379 2738 mihi
1405 2661 1522 2740 videar
1548 2681 1673 2738 ennre.

451 2755 586 2850 Scripsrt
609 2753 816 2836 Dieterstein
841 2751 885 2827 ad
911 2753 1172 2846 Immemorem,
1195 2768 1235 2828 ut
1252 2753 1289 2830 in
1305 2752 1461 2832 Familiam
1480 2757 1675 2851 Principum

446 2853 552 2950 recipi
566 2847 685 2946 possin
707 2849 955 2942 commodeque
975 2849 1105 2927 accidet
1124 2861 1163 2930 ut
1179 2849 1335 2944 proximi
1357 2849 1467 2930 aesture
1483 2853 1519 2929 in
1536 2853 1677 2936 Gema·

449 2950 537 3031 niam
561 2970 640 3026 cnm
660 2945 699 3024 iis
720 2943 955 3043 proficiscatur.
1002 2945 1096 3020 Nam
1119 2945 1324 3022 adveniente
1343 2949 1479 3049 Regini
1494 2949 1554 3050 ipsi
1567 2951 1675 3024 conn’·

451 3051 526 3124 nuo
548 3047 701 3126 seruntur
719 3041 848 3126 abituri.

497 3143 641 3218 Novam
662 3141 884 3236 peritiorem,
905 3157 984 3232 quc
1001 3137 1037 3214 in
1057 3137 1173 3216 locum
1197 3135 1323 3221 derurii
1347 3139 1474 3216 nummi
1497 3137 1673 3234 succesit,

449 3235 544 3326 uidif,
567 3237 604 3311 δι
625 3239 704 3310 sone
724 3237 825 3318 velim
840 3233 904 3322 iam
917 3233 1025 3310 isthuc
1042 3233 1316 3315 eanimurum
1332 3236 1505 3330 publicum
1523 3235 1602 3320 dare
1622 3237 1675 3311 es·

450 3331 504 3422 se,
524 3351 599 3430 quac
618 3354 681 3407 nos
698 3333 753 3414 bic
771 3333 931 3433 plurima,
955 3331 992 3407 δι
1009 3331 1167 3427 quidem.
1189 3345 1226 3405 ut
1244 3331 1422 3422 ndentes,
1442 3331 1675 3426 optima‚inm

447 3423 583 3502 dudum
601 3427 755 3500 cudimus
774 3449 783 3498 :
803 3424 985 3526 dequibus
1002 3427 1158 3528 proxime
1176 3425 1220 3502 nd
1237 3429 1509 3521 limpitudinem
1527 3429 1676 3504 verbam

433 3521 892 3694 ·issti0liini¹ili²u
917 3521 1676 3718 uiliulbiilulnl‘niuffl

449 3721 530 3806 riam
548 3739 589 3797 ac
607 3672 741 3800 laudem
758 3715 849 3794 suam
926 3715 1074 3814 jessetem
1089 3714 1169 3796 inde
1185 3716 1444 3796 consecuturum
1462 3719 1603 3829 sperem.

499 3819 606 3924 Quod
635 3815 803 3917 Hispanus
828 3837 868 3892 rc
894 3813 1024 3897 Italicos
1052 3813 1225 3896 nouom
1252 3813 1292 3925 §c
1319 3811 1533 3893 Conslirnos
1566 3813 1676 3892 isthuc

450 3915 538 3989 mit'ti
557 3915 693 3991 scribitis
704 3935 727 4006 ‚·
742 3933 814 3990 non
829 3913 887 3988 abs
903 3937 937 3990 re
954 3913 1025 3992 fieri
1047 3911 1130 3988 scire
1151 3911 1306 4002 nehem,
1328 3933 1406 3988 nam
1427 3931 1506 3988 cum
1522 3910 1675 4004 prestan-

450 4009 550 4080 ¹tiores
568 4010 779 4090 inserionbur
795 4027 910 4085 natura
929 4013 1117 4108 imperent,
1141 4024 1180 4085 ut
1195 4009 1289 4110 apud
1303 4005 1513 4089 Aristotelem
1528 4003 1576 4080 cst
1593 4025 1674 4097 pro

451 4103 560 4174 ditum
586 4127 594 4168 ε
625 4107 743 4194 utique
769 4103 1029 4179 consentaneum
1056 4105 1133 4196 est,
1154 4105 1256 4184 nohis
1277 4103 1421 4180 barbatis
1446 4103 1484 4180 δι
1507 4099 1676 4190 inooffis,

451 4195 491 4272 δι
513 4194 686 4278 barbaricis
702 4195 832 4290 legibus
856 4199 1007 4291 anneus,
1030 4221 1095 4277 cos·
1108 4201 1264 4297 praesse,
1288 4203 1326 4277 ἂ
1342 4221 1446 4279 novas
1465 4201 1562 4298 leger
1578 4200 1677 4288 dare,

453 4295 513 4392 qui
539 4288 600 4364 sub
628 4291 844 4372 clementiore
866 4295 950 4372 caelo
975 4295 1064 4390 nati,
1087 4299 1131 4378 ad
1152 4321 1290 4380 omnem
1313 4297 1580 4386 humanitatem,
1604 4316 1677 4370 mo

448 4392 607 4482 uestium,
630 4387 817 4468 doclrinam
843 4387 920 4468 sunt
947 4395 1106 4487 enutriti,
1129 4395 1168 4471 bc
1186 4395 1231 4470 ad
1255 4391 1326 4488 jura
1352 4393 1513 4489 legesque
1536 4387 1676 4488 cognos-

1860 321 1863 478 ⁴
