3746 5142
278 523 361 608 AD
379 517 616 606 vistrum
634 534 692 600 su
706 514 914 601 AYTTA
937 515 1291 615 ZUlCHEMUM.
1326 551 1404 637 aas

178 667 180 680 '
415 673 878 763 EPISTOLA
960 677 1218 765 xxtlt.

242 889 363 972 Amo.
393 878 519 992 Regis
534 873 717 1003 professio
739 875 856 961 domo
879 875 1072 966 nunciata.
1102 879 1227 998 Vrglir'
1252 883 1403 1014 confido

189 997 369 1106 Pirisppo
395 989 497 1102 Regr'
513 989 622 1074 atila
639 985 742 1101 aequd
759 986 810 1090 &s
829 1005 995 1098 accepta.
1023 989 1146 1078 Filios
1156 993 1248 1108 filos
1261 1017 1405 1109 prrmae

191 1105 360 1220 tonsum
379 1099 521 1187 torona*
543 1096 711 1210 infigariri
735 1095 821 1182 vult
847 1097 1075 1210 Hopparum
1107 1104 1151 1189 dr
1172 1133 1326 1219 quorum
1348 1105 1405 1202 as

193 1235 348 1302 rarutro
362 1205 405 1302 iri
422 1209 646 1302 &romaum
667 1207 709 1294 S.
725 1207 904 1298 Bavorris
929 1206 1135 1324 affirmando·
1153 1219 1306 1329 agitur.

191 1427 281 1696 ᾧ,
308 1521 346 1597 Ρ.
377 1523 542 1621 Quoniam
570 1523 636 1598 toti
653 1523 689 1597 in
715 1522 783 1596 hoc
810 1519 952 1614 samus,
973 1523 1175 1601 Reverende
1195 1525 1345 1620 uratur,
1368 1545 1407 1604 ut

253 1620 384 1694 minum
401 1621 444 1692 de
470 1617 599 1694 Robles
616 1619 717 1695 rebus
730 1617 889 1694 omnibus
901 1619 1100 1696 instructum
1114 1623 1158 1696 ad
1185 1645 1247 1698 vos
1261 1628 1406 1703 remim

190 1737 286 1808 mus,
309 1716 391 1788 nihil
410 1737 501 1788 nunc
531 1714 574 1786 ad
593 1715 699 1790 literas
723 1717 863 1806 Amplit.
883 1717 1003 1790 veih-e
1024 1717 1259 1810 respondebo,
1281 1724 1408 1797 solum·

190 1832 259 1904 que
281 1814 348 1886 hoc
365 1812 452 1885 mihi
470 1809 632 1897 sufficiet,
652 1825 694 1882 ut
708 1807 837 1881 Comes
853 1809 1081 1900 Nogarollus‚
1103 1832 1180 1884 cum
1198 1836 1269 1906 quo
1294 1819 1406 1892 amici.

189 1909 236 1982 m
254 1907 336 1982 mihi
359 1906 431 1996 est,
454 1927 524 1978 non
541 1907 680 1978 omnino
696 1921 823 1978 vacuus
838 1921 859 1972 a
874 1922 929 1972 me
949 1903 1075 1976 redeat.

235 2004 294 2078 De
318 2003 412 2076 bono
436 2021 550 2076 retum
579 2002 763 2074 nostramm
787 1995 965 2084 sucoeffu,
988 2016 1107 2069 omues
1129 1999 1335 2092 plurimum,
1357 2005 1414 2077 urii

188 2096 385 2184 debemus,
407 2095 616 2189 gaudemus,
637 2095 786 2184 Deoque
815 2092 933 2183 gratias
960 2092 1119 2182 agimus:
1143 2112 1208 2164 nec
1226 2095 1317 2168 aliud
1344 2095 1409 2187 pm

188 2194 415 2274 meditamur,
437 2193 539 2276 quam
557 2201 596 2268 ut
612 2188 719 2258 isthuc
737 2184 983 2276 quamprimum
1009 2183 1205 2260 advolemus
1225 2208 1234 2256 t
1254 2191 1348 2278 quod
1364 2205 1410 2261 ta·

191 2294 371 2449 mffnstpnte
389 2295 570 2351 extremum
589 2277 808 2373 Augurum,
827 2293 887 2350 aut
900 2277 1107 2376 principium
1119 2280 1320 2375 Septembris
1338 2305 1419 2360 nona

193 2398 216 2448 e
309 2392 435 2450 turum.

242 2473 322 2546 Rex
339 2475 408 2567 (ut
421 2470 581 2564 proximis
601 2471 703 2546 liten's
719 2469 855 2545 scribam
874 2468 993 2566 tuus)
1014 2468 1157 2546 summas
1180 2472 1321 2566 Amplit.
1338 2472 1411 2551 ves-

194 2585 255 2642 uae
277 2572 394 2662 gratias
412 2567 512 2642 habet
526 2569 690 2644 &haberi
703 2565 822 2660 jubet,
843 2587 913 2643 non
931 2565 1038 2640 solum
1054 2567 1098 2640 de
1114 2569 1216 2642 rebus
1232 2567 1410 2664 illiricop·

193 2665 276 2736 time
294 2662 545 2751 administratis,
568 2665 626 2737 sed
643 2663 682 2736 dt
699 2665 744 2736 de
759 2663 892 2756 optimis
903 2659 1078 2750 'consrliis,
1101 2683 1180 2752 quae
1201 2663 1245 2736 ad
1262 2684 1320 2738 me
1335 2687 1410 2759 pere

193 2757 332 2845 scribit3
354 2778 502 2851 quorum
525 2761 569 2832 ita
600 2757 728 2852 semper
752 2757 845 2830 suarm
874 2757 1083 2851 Maiestatem
1105 2757 1194 2832 facio
1210 2760 1410 2849 certiorem,

193 2867 240 2926 ut
262 2873 365 2928 nemo
389 2854 609 2944 mortalium,
633 2869 753 2945 prater
777 2851 917 2946 ipsum,
941 2851 1125 2946 quidquam
1149 2853 1250 2942 sciat,
1274 2854 1312 2926 dt
1337 2871 1420 2929 tum

190 2950 446 3042 plurimumres
463 2947 536 3022 suas
551 2950 737 3023 secundum
751 2969 791 3022 ea
808 2949 937 3042 dirigar.

242 3043 300 3117 De
318 3045 461 3136 hisquae
479 3045 679 3118 illustu'ffima
705 3043 853 3118 Domina
880 3043 1012 3115 Durilla
1030 3041 1165 3116 sollicite
1187 3065 1296 3139 nuper
1313 3045 1414 3139 scrip

193 3143 258 3228 sit,
280 3159 351 3212 non
364 3161 485 3235 parum
503 3141 743 3230 laboravimus,
767 3159 831 3212 nec
848 3158 964 3233 pamm
979 3137 1172 3228 effecimusa
1192 3161 1263 3213 non
1282 3155 1412 3221 tantum

192 3251 308 3308 tamen
331 3251 492 3326 quantum
517 3235 760 3308 voluissemus:
780 3234 824 3306 lic
848 3237 970 3326 utique
994 3249 1035 3306 ut
1059 3233 1170 3326 aliquo
1197 3235 1301 3306 modo
1329 3255 1412 3310 cotr-

192 3330 282 3403 tenti
296 3332 359 3402 elle
376 3330 512 3438 pollitis.
558 3329 642 3406 Non
656 3331 776 3404 addam
794 3330 838 3402 de
858 3330 958 3403 rebus
976 3329 1122 3422 publicis·
1142 3329 1347 3424 quidqmm,
1371 3347 1412 3403 at

195 3443 266 3496 nec
279 3424 472 3532 deprivatis
494 3425 629 3518 quidem
637 3427 660 3514 ¹,
683 3428 743 3498 nist
765 3439 804 3498 ut
831 3424 973 3537 Amplit.
995 3425 1110 3498 vestrae
1134 3427 1289 3540 maximas
1311 3427 1412 3536 etiam

165 3562 169 3576 '
196 3519 1415 3710 fflieissssldsdslissdffiusdissidiis

196 3729 234 3782 m
252 3709 333 3781 milri
356 3707 455 3800 sont,
477 3711 570 3802 quod
592 3717 674 3785 vere
689 3709 798 3785 testari
809 3709 960 3802 polium,
984 3727 1053 3778 nott
1074 3707 1180 3780 solum
1198 3727 1271 3777 mea
1287 3707 1415 3793 omnia,

195 3802 257 3876 sed
273 3806 311 3877 dt
332 3802 509 3881 suetorum
533 3827 711 3894 meorum,
733 3805 787 3877 ab⁴
800 3803 941 3896 Amplit.
968 3799 1078 3872 vestra
1096 3802 1162 3871 elie
1179 3797 1352 3892 profesta,
1375 3799 1413 3873 dt

196 3899 350 3992 quotidie
365 3901 537 3992 proficisci.
560 3902 676 3974 Placet
690 3895 864 3970 confilium
884 3911 923 3967 ut
939 3892 1172 3967 infecundum
1186 3893 1411 3988 potiusquam

197 3995 342 4086 primum
363 3995 468 4069 lilium
486 3995 681 4070 conseratur
699 3990 913 4079 benefitium,
936 3989 993 4062 sed
1011 3987 1144 4060 videtur
1165 3985 1326 4072 secundi,
1345 3993 1413 4068 hoc

198 4087 249 4158 est
263 4089 488 4180 Tidemanni‚
510 4113 549 4166 ea
567 4089 632 4166 elle
648 4105 749 4179 mas,
773 4101 812 4160 ut
834 4084 984 4160 nondum
1005 4081 1078 4177 ejus
1098 4082 1138 4156 llt
1160 4105 1273 4182 capax.
1297 4087 1414 4163 Scribo

199 4195 313 4252 autem
332 4185 375 4254 de
393 4203 539 4279 auoque
557 4190 599 4259 ad
614 4207 779 4274 uxorem,
801 4199 841 4256 ut
858 4185 969 4276 primae
989 4179 1152 4256 Tonsurae
1172 4183 1298 4258 coruus
1316 4185 1414 4282 insig-

199 4289 338 4347 mentm.
383 4281 453 4352 Sed
480 4303 615 4373 nequa
643 4303 681 4356 re
705 4297 864 4368 errentr,
888 4279 1033 4354 securius
1063 4277 1135 4350 fore
1161 4281 1294 4352 videtur
1314 4293 1353 4346 ut
1380 4279 1414 4345 in

195 4370 406 4484 §tegorium
428 4373 486 4447 fiat
503 4377 697 4471 expeditio,
719 4376 779 4450 nist
806 4375 902 4450 secus
928 4375 1070 4469 Amplit.
1093 4373 1209 4447 vestrae
1235 4369 1414 4456 videatura

198 4488 233 4542 ru
256 4487 351 4560 curus
370 4489 474 4543 manu
490 4493 560 4546 tem
579 4495 714 4548 omnem
730 4491 825 4565 pono
