3746 5142
423 469 506 553 ῳ
560 441 872 561 Joncmur
896 435 1171 532 nonnum
1196 439 1515 540 urrsuorm

418 604 553 679 efficiar.
590 603 723 698 Quibus
738 615 870 674 tantum
889 599 1024 672 leminis
1042 601 1138 674 nobie
1152 601 1310 675 accedere
1332 601 1378 676 Α.
1399 603 1447 677 V.
1467 603 1528 676 nbi
1554 611 1635 696 per-

420 699 582 787 fuadeat,
603 713 643 769 ut
660 697 695 769 in
711 711 800 769 tartta
816 715 928 768 rerum
953 695 1105 770 omnium
1128 696 1358 785 mundone,
1380 715 1418 767 ac
1443 695 1634 776 deniiiiirnir

417 794 565 868 tenebris
580 814 643 885 pto
658 791 748 866 Solis
773 794 848 866 luce
874 793 1069 865 habeantur.
1113 793 1159 866 iit
1181 793 1318 886 quidem
1342 792 1454 884 Regia
1475 794 1635 889 Majestm

416 888 517 980 ipio,
528 890 712 979 adquam,
735 889 785 960 uti
802 888 933 962 occaiio
948 888 1113 979 postulat,
1135 888 1188 962 hir
1204 890 1248 960 de
1275 889 1377 962 rebus
1392 886 1530 975 refero,
1558 913 1633 966 non

420 981 528 1058 solum
547 986 657 1058 verbis
671 1005 812 1074 coram,
834 983 893 1058 sed
911 983 950 1054 de
967 1005 1028 1074 per
1046 985 1152 1058 literas
1166 1035 1183 1070 ,
1205 981 1336 1078 proptia
1353 1002 1456 1054 manu
1469 983 1599 1076 scriptas
1611 1039 1628 1073 ‚

415 1081 568 1172 expreiie
584 1082 750 1154 mandavit
768 1132 782 1166 ‚
797 1095 838 1153 ut
853 1078 1013 1154 summam
1022 1080 1347 1172 fidem-operamque
1372 1079 1509 1152 veiham
1521 1079 1627 1174 longe

416 1175 478 1248 libi
495 1175 700 1272 gratiiiimam
720 1175 785 1251 ede
802 1179 847 1250 A.
866 1177 914 1250 V.
933 1175 1129 1270 intelligat,
1153 1175 1222 1264 de,
1245 1173 1527 1264 quemadmodum
1550 1175 1631 1264 est,

418 1270 516 1346 bono
543 1275 656 1346 ammo
679 1273 742 1344 elie
759 1287 902 1366 pergat:
923 1271 1120 1365 sperareque
1146 1270 1179 1343 se
1203 1321 1218 1359 ‚
1250 1289 1319 1340 non
1349 1267 1543 1358 Simeonis,
1572 1271 1631 1345 sed

416 1366 586 1440 Zachariae
605 1369 799 1456 muricum,
823 1368 963 1438 anobis
981 1368 1181 1470 auditurum.
1595 1460 1604 1475 ·

419 1460 770 1640 ,rellania
786 1457 1241 1642 tenendam
1254 1455 1629 1645 biningen

412 1650 469 1720 de
488 1647 682 1723 muneribus
710 1644 951 1731 Marriieidio,
974 1641 1178 1735 Magnam,
1204 1643 1452 1736 Arenborgenfi
1486 1647 1523 1720 dc
1550 1577 1632 1724 flet·

409 1741 601 1834 iaymontio
616 1739 776 1833 imposne
798 1738 1000 1829 ,quoniam
1016 1739 1160 1831 publicis
1174 1738 1274 1810 liberis
1285 1739 1497 1814 continentur
1513 1796 1526 1833 ,
1547 1745 1633 1820 nihil

413 1837 470 1912 bic
483 1837 622 1925 dicam,
645 1836 682 1908 dt
700 1834 776 1907 sunt
795 1833 966 1908 ommam.
1013 1833 1165 1906 Tantbm
1183 1832 1268 1906 iilud
1281 1833 1400 1906 addam
1419 1857 1527 1923 ‚earn
1555 1863 1633 1912 orn·

416 1931 500 2006 nino
516 1945 671 2004 mentem
683 1929 749 2003 effe
763 1929 901 2022 Regis,
926 1943 994 2014 ut,
1017 1929 1129 2021 fiquo
1153 1928 1259 2002 modo
1281 1931 1409 2002 ratione
1427 1930 1466 2003 dr
1490 1933 1633 2010 confilio

413 2027 770 2196 titilleilli
784 2021 1112 2192 liiiiiisffiiii
1128 2042 1229 2208 ilii
1237 2023 1632 2211 bilinien

878 2205 880 2210 ,
979 2168 992 2207 2
1283 2196 1286 2204 v
1317 2203 1321 2212 .

411 2237 504 2309 quoe
527 2213 750 2288 condius-suis
766 2207 967 2312 adhibebit,
989 2211 1088 2308 poilit
1114 2212 1178 2287 elie
1198 2211 1426 2306 deliberatio,
1449 2217 1488 2288 dr
1515 2177 1633 2296 eorum

412 2333 494 2406 que
511 2311 690 2386 deliberata
709 2309 916 2384 &conclusa
934 2325 1059 2398 munt,
1079 2307 1138 2382 effi
1222 2309 1422 2397 executio.·‚
1504 2380 1507 2389 .

413 2405 419 2415 ’
461 2407 596 2486 Caetera
611 2412 755 2498 autern,¹
779 2427 822 2478 ne
841 2425 945 2478 unum
965 2405 1103 2496 quidem
1128 2427 1163 2476 m
1188 2404 1318 2479 itemin
1343 2405 1533 2482 Provincias
1557 2412 1630 2486 nos-
1704 2455 1713 2466 ·

414 2519 479 2578 tras
502 2503 581 2576 beili
602 2503 740 2599 gerendi
753 2517 810 2572 aut
830 2501 944 2574 duribs
958 2500 1079 2595 agendi
1096 2499 1197 2598 cauri
1214 2499 1426 2576 introducere
1447 2502 1627 2596 constituit,

413 2598 476 2674 nisi
501 2600 543 2670 ab
568 2596 759 2673 adversariis
776 2598 811 2668 vi
830 2595 868 2670 dt
895 2593 992 2671 armis
1011 2597 1055 2669 ad
1087 2597 1156 2669 hoc
1183 2597 1413 2690 compeliatur.
1475 2601 1528 2671 dc
1545 2623 1631 2693 quo·

412 2696 506 2768 niam
526 2693 665 2786 quidem
691 2709 758 2764 tam
776 2693 872 2765 brevi
891 2693 971 2766 Rex
997 2692 1067 2784 ipse
1088 2692 1195 2766 adelie
1213 2692 1323 2786 sperat
1345 2743 1357 2781 ,
1389 2698 1553 2786 quantum
1584 2719 1629 2771 ex

414 2789 649 2884 superioribus
664 2787 702 2864 dt
733 2785 800 2860 istis
825 2787 928 2862 literis
951 2785 1106 2880 potuum
1135 2789 1370 2880 cognoscere,
1392 2789 1482 2862 vnibil
1503 2793 1631 2868 censuit

413 2887 479 2968 eise
499 2907 617 2980 opus,
642 2883 685 2955 ad
713 2879 939 2976 provisionaiia
956 2883 1015 2970 iiia
1033 2935 1062 2980 ,p
1081 2903 1158 2976 quae
1186 2901 1453 2976 proponuntur,
1485 2889 1628 2983 remedia

415 2981 623 3058 descendere
638 3002 647 3050 ε
662 3000 773 3070 eoque
790 2979 902 3056 ninus
917 3031 931 3068 ,
952 2980 1048 3072 quod
1063 2979 1223 3072 pleraque
1237 2981 1280 3052 de
1297 2982 1337 3052 iis
1352 2979 1511 3074 ejusmodi
1530 2981 1625 3074 sunt,

415 3092 582 3171 utptaeter
599 3077 766 3150 summurn
783 3060 1077 3170 prejudicium&
1096 3090 1225 3146 certum
1243 3094 1370 3148 metum
1390 3075 1518 3165 majoris
1534 3077 1627 3168 mali,

409 3191 516 3264 quern
543 3173 655 3244 secum
677 3172 844 3260 trahunt,
868 3171 936 3244 fine
970 3171 1064 3262 gravi
1083 3172 1225 3244 vulnere
1252 3169 1455 3244 conscientie
1481 3173 1627 3246 concedi

411 3287 484 3337 non
500 3266 590 3354 polle
605 3263 791 3338 videantur.
839 3265 997 3356 Denique
1014 3265 1115 3336 rebus
1128 3267 1284 3338 omnibus
1311 3265 1482 3358 diligenter
1500 3287 1628 3358 expen-

412 3363 485 3447 de,
508 3360 670 3450 siquidem
686 3362 752 3431 hoc
774 3359 1010 3447 obtineretur,
1032 3359 1066 3430 id
1090 3357 1201 3454 ipsum
1229 3363 1463 3450 obtineretur,
1484 3361 1528 3433 de
1556 3375 1629 3453 quo

407 3456 576 3567 ‚hedenus
604 3467 765 3528 certatum
783 3455 831 3528 est
853 3505 883 3556 „
898 3453 936 3528 dr
963 3451 999 3528 in
1022 3473 1092 3544 quo
1123 3457 1334 3549 impetrando
1361 3455 1470 3534 omnis
1491 3456 1630 3535 netum

437 3567 562 3627 omtur.

412 3574 436 3648 p
459 3651 514 3726 De
538 3648 654 3724 misera
666 3648 772 3724 Patria
788 3645 898 3722 nostra
915 3646 1095 3744 perinane
1113 3650 1215 3725 doleo
1232 3701 1245 3742 ‚
1269 3651 1307 3722 dc
1326 3651 1458 3744 nggaeo
1482 3645 1625 3740 nostro,

413 3769 493 3822 curn
511 3746 577 3822 suia
587 3746 787 3842 propheticis
802 3745 1037 3835 sermombus,
1058 3763 1207 3822 mentem
1232 3747 1405 3820 meliorem
1428 3762 1526 3838 opto.
1581 3745 1628 3820 Et

408 3863 483 3933 quo
499 3861 594 3918 aetate
607 3841 790 3936 studiisque
811 3843 945 3936 longius
962 3843 1157 3937 progredior
1174 3897 1187 3934 ‚
1209 3857 1304 3920 tanto
1326 3841 1458 3914 veriora
1473 3839 1625 3915 certiora·

408 3957 480 4028 que
504 3943 706 4031 comperio,
734 3961 813 4030 quae
839 3937 1049 4014 sacrosan&
1074 3939 1253 4014 Ecdeiiaa
1276 3937 1425 4012 Patribus
1451 3953 1624 4026 accepta,

406 4027 595 4120 longousu
613 4035 853 4125 comprobavit.

456 4123 751 4216 Quemadmodum
772 4143 836 4196 vos
861 4125 965 4213 istic,
994 4129 1040 4200 ita
1065 4126 1103 4199 dc
1120 4149 1183 4202 nos
1206 4131 1292 4220 hic,
1320 4151 1393 4206 noo
1415 4129 1483 4204 nne
1508 4123 1626 4222 gravis·

410 4217 497 4296 ilrnis
521 4216 692 4291 calumniis
723 4218 889 4309 degimus.
935 4219 1005 4292 Sed
1038 4243 1108 4298 non
1133 4227 1268 4299 minima
1301 4247 1379 4318 pars
1415 4223 1628 4300 beatitudinis

410 4317 538 4414 estpro
564 4311 653 4410 justo
676 4311 713 4386 dt
733 4311 829 4390 resto
850 4315 1047 4393 calonnam
1074 4323 1172 4415 pati:
1197 4319 1405 4416 &Regium
1431 4321 1497 4396 elie
1509 4321 1628 4489 ciffi
