3736 5142
460 479 553 588 ap,
607 473 1239 592 Joncnrmt'nornnnr
1269 471 1596 562 narrantia

456 633 569 710 fratris
587 635 636 706 sui
650 632 802 706 Gtitenia
813 629 1036 720 accidetmrt,
1059 632 1258 726 elmmitudo
1275 633 1385 705 verba
1404 635 1447 706 ad
1476 653 1531 706 me
1557 633 1682 708 scribit.

506 731 588 821 Ego
611 729 786 811 Vitellium
812 729 849 802 δι
876 727 1097 814 Vonclrium,
1128 731 1281 802 homines
1310 727 1447 822 quidem
1474 728 1682 820 prudentes,

164 899 167 906 ,
431 823 498 896 ·&
523 825 560 896 in
579 825 679 898 rebus
693 826 835 919 agendis
851 823 1004 896 dexteros
1021 824 1091 896 elle
1106 825 1221 916 judico
1229 854 1243 916 ‚·
1266 823 1323 896 sed
1349 824 1441 896 haud
1468 825 1533 898 scio
1557 845 1602 897 an
1627 846 1682 900 re·

298 929 304 938 '
460 934 536 992 rum
559 921 755 994 nostratium
779 920 818 992 δι
831 917 1045 1013 Anglicarum
1072 917 1144 991 satis
1167 921 1244 993 sunt
1265 919 1383 1011 petiti,
1404 921 1496 992 unde
1518 921 1552 992 in
1572 941 1680 1013 nego-

459 1015 513 1088 tiis
536 1015 715 1090 tractandis
733 1019 880 1090 multum
904 1017 990 1108 l'aepe
1014 1015 1208 1107 dependet,
1239 1019 1318 1090 licet
1342 1036 1583 1108 nonnunquam
1607 1035 1681 1088 non

459 1109 628 1186 videatur.
677 1113 772 1211 Quid
792 1130 904 1185 autem
921 1112 1033 1184 aetum
1052 1113 1134 1200 erit,
1159 1114 1259 1185 brevi
1276 1129 1315 1182 ut
1335 1110 1432 1203 spero
1448 1109 1658 1182 restillcmus.

507 1209 586 1282 Rex
603 1209 806 1299 Gallorum,
826 1211 922 1302 parti
935 1209 1011 1282 'hic
1028 1223 1097 1278 tam
1118 1209 1240 1302 insigni
1261 1205 1394 1280 varona
1411 1205 1486 1300 (de
1505 1225 1570 1297 qua
1588 1205 1683 1276 multi

461 1303 508 1374 ob
532 1307 765 1379 moram-certi
789 1305 897 1379 nuntii
919 1303 986 1394 -jam
1007 1304 1162 1376 dubitare
1188 1300 1390 1392 coeperant)
1413 1322 1477 1390 per
1502 1299 1681 1392 quemdam

459 1396 654 1470 Ministrum
673 1401 793 1484 suum,
817 1398 1024 1484 Majestatem
1043 1397 1136 1467 suam
1152 1397 1225 1487 ejus
1241 1393 1323 1466 fecit
1342 1395 1542 1483 certiorem,
1563 1413 1684 1486 ¹petens

457 1491 543 1562 inter
565 1507 681 1562 caetera
709 1507 748 1562 ut
771 1491 859 1562 bona
882 1490 1023 1560 suorum
1048 1490 1255 1576 rebellium,
1286 1507 1364 1574 quae,
1385 1491 1479 1579 apud
1502 1511 1563 1561 nor
1586 1492 1685 1578 sunt,

456 1584 606 1654 vendere
623 1585 739 1667 liceat3
764 1581 800 1651 &
817 1581 996 1670 pecuniam
1012 1581 1057 1650 ad
1077 1579 1152 1654 usus
1169 1582 1248 1653 suos
1275 1601 1459 1674 exportare.
1507 1583 1592 1658 Non
1617 1585 1685 1654 du-

455 1675 527 1748 bito
550 1677 633 1766 quin
656 1677 763 1764 Rex,
793 1674 954 1766 quicquid
979 1673 1107 1766 poterit
1131 1675 1259 1762 officii,
1289 1674 1379 1769 Regi
1405 1675 1685 1752 Christianillimo

456 1770 642 1864 praestabit,
665 1791 737 1862 quo
761 1769 1009 1841 difficultatibus
1023 1769 1126 1859 ipsius
1144 1791 1246 1860 opem
1264 1771 1350 1842 fetat
1373 1791 1384 1839 a
1410 1771 1468 1842 sed
1486 1772 1620 1844 interim
1637 1790 1684 1846 ta-

457 1887 537 1939 men
565 1865 646 1936 scire
670 1866 763 1955 cupit
787 1863 850 1934 utri
875 1861 947 1951 iure
968 1862 1042 1933 bac
1064 1863 1154 1936 bona
1177 1865 1351 1936 rebellium
1376 1865 1499 1938 cedant
1523 1892 1533 1938 r
1557 1869 1681 1960 sibine,

458 1979 503 2034 an
525 1961 623 2052 Regi
642 1955 945 2042 Christianiffimo,
977 1977 1021 2028 an
1044 1957 1146 2032 aliter.
1191 1959 1241 2032 Et
1265 1961 1402 2052 quidem
1422 1961 1502 2052 quia
1529 1984 1581 2036 res
1605 1985 1681 2056 per·

459 2057 575 2149 magni
589 2055 752 2128 momenti
770 2053 837 2141 est,
861 2053 897 2126 bt
913 2051 1051 2125 memini
1066 2053 1309 2134 illulbifllmum
1328 2057 1467 2130 Ducem
1494 2060 1528 2130 in
1553 2055 1617 2136 suis
1641 2060 1680 2132 li-

456 2153 538 2224 ‚teris
554 2151 680 2264 aliquid
697 2152 778 2223 olim
796 2149 962 2242 tetigitte,
983 2149 1086 2222 credo
1103 2149 1180 2223 fote
1204 2169 1244 2223 ut
1264 2152 1336 2245 ejus
1352 2151 1512 2232 sententia
1526 2155 1622 2248 lltptr
1639 2175 1680 2228 ea

458 2269 497 2321 re
505 2263 838 2454 (elxssaleuffiullam
853 2341 967 2416 Cmna
982 2343 1123 2454 Domini
1139 2307 1390 2438 inquisitor-mus
1404 2345 1626 2438 Burgundios
1642 2348 1679 2422 bt
1733 2408 1736 2416 .
1847 2317 1849 2334 Ι

460 2437 591 2514 Comrti
604 2441 648 2512 de
662 2439 831 2513 Gatinaire
848 2437 904 2512 sua
920 2441 1125 2512 Excellentra
1141 2441 1390 2533 perscripserat,
1412 2443 1467 2517 hic
1480 2444 1514 2514 in
1529 2441 1679 2519 Confflio

422 2543 441 2585 ⁸⁹
460 2537 572 2611 Status
598 2535 696 2610 fuere
716 2535 873 2625 uacum,
895 2536 1072 2628 visumque
1095 2535 1143 2609 est
1167 2536 1235 2610 suae
1249 2537 1433 2630 blajestati,
1456 2555 1494 2610 ut
1515 2557 1592 2630 quae
1616 2559 1680 2632 per

460 2633 565 2803 {giam
590 2633 711 2801 Rffim
736 2631 809 2706 fieri
831 2651 896 2706 vos
918 2631 1128 2722 censebatis,
1157 2633 1221 2707 hic
1250 2635 1326 2708 vice
1349 2657 1410 2729 per
1434 2633 1681 2710 illustriffimum

500 2748 598 2805 ucem
656 2743 706 2804 nt.
909 2787 914 2797 ,

415 2835 418 2838 ’
507 2826 562 2897 Ac
581 2841 742 2918 quantum
763 2823 806 2900 ad
820 2823 1119 2898 Montbeliartense
1135 2827 1310 2918 negotium
1328 2827 1465 2916 attinet,
1494 2829 1528 2902 id
1546 2843 1683 2922 propter

460 2919 638 2996 absentiam
674 2919 780 3013 Regis
805 2921 923 2992 debuit
953 2920 1090 2994 differri.
1138 2919 1247 3018 Quod
1273 2943 1384 2998 tamen
1408 2925 1452 2998 de
1477 2925 1681 3015 Episcopatu

461 3017 699 3110 Antverpienli
720 3015 757 3090 bt
776 3013 1027 3090 Buscoducenfi
1043 3017 1233 3110 petieratis,
1256 3021 1292 3094 id
1306 3021 1430 3096 fatum
1446 3019 1519 3104 est,
1539 3015 1578 3087 lit
1596 3016 1680 3089 huic

461 3115 585 3186 cursori
605 3116 773 3188 traditum.

508 3205 564 3278 De
586 3230 685 3282 noue
701 3209 843 3302 Regina
860 3208 981 3284 nollrae
996 3209 1147 3284 adventu
1161 3210 1256 3285 brevl
1273 3209 1411 3302 aliquid,
1434 3223 1473 3280 ut
1494 3207 1681 3300 puto,l'm-

460 3313 585 3375 metui.
631 3305 776 3397 Jamque
794 3307 838 3376 de
862 3305 942 3378 dote
957 3305 1087 3399 agitur;
1109 3307 1204 3402 cuius
1228 3319 1352 3400 partem
1375 3303 1484 3378 credo
1503 3301 1680 3396 futuram,

459 3413 522 3486 ut,
544 3397 641 3486 quod
661 3399 706 3468 de
729 3399 1030 3474 contributiouibus
1058 3402 1190 3495 Imperii
1216 3407 1292 3478 nex
1319 3400 1450 3492 debet,
1470 3401 1681 3492 remittamr,

459 3491 499 3566 bt
518 3493 554 3564 in
568 3491 684 3564 dotem
704 3493 811 3567 cedat

507 3587 637 3664 Contra
652 3587 773 3663 Muros
787 3587 1010 3668 Granatenses
1036 3596 1155 3690 ingens
1177 3587 1304 3668 bellum
1326 3607 1482 3686 paratur,
1505 3608 1567 3681 ut,
1583 3607 1681 3666 ante-

454 3711 564 3787 quam
585 3707 646 3764 ver
670 3703 826 3782 appetat,
850 3689 887 3762 bt
908 3691 1027 3766 auxilia
1045 3693 1106 3766 illis
1124 3712 1171 3764 ex
1190 3682 1340 3778 Aphn'ca
1362 3689 1530 3778 veniam,
1558 3687 1582 3759 fi
1603 3689 1681 3778 qua

459 3789 586 3864 ratione
613 3783 684 3862 lieri
709 3785 841 3881 potest,
864 3787 1055 3864 obruantur.
1104 3788 1210 3887 Quod
1232 3797 1272 3854 ut
1287 3785 1388 3858 Deus
1409 3784 1560 3857 fommet
1582 3784 1680 3856 etiam

460 3902 561 3977 atque
579 3885 680 3956 etiam
695 3900 795 3975 opto.
843 3883 1017 3960 Hamemrs
1035 3887 1112 3978 plus
1124 3884 1201 3956 mali
1215 3882 1316 3976 quim
1336 3881 1416 3954 boni
1435 3879 1599 3952 saccellus
1622 3879 1682 3948 ba-

457 3975 616 4064 buimust
638 3998 708 4050 non
725 3978 858 4050 illorum
876 3981 1022 4066 w'rmte,
1046 3980 1105 4052 sed
1118 3978 1233 4053 nostra
1252 3977 1475 4070 negligentia,
1500 3971 1596 4064 quod
1609 3991 1682 4044 ma·

458 4066 530 4142 lum
546 4083 860 4155 contemneremus,
879 4089 937 4144 aut
953 4077 1045 4146 certe
1063 4093 1134 4148 non
1149 4072 1268 4166 quanti
1289 4089 1359 4146 erat
1374 4069 1573 4143 faceremue

413 4213 416 4222 .
510 4161 605 4260 Quid
631 4161 676 4230 de
699 4159 969 4238 Contnbutionir
987 4171 1128 4261 negotio
1152 4169 1249 4244 istbic
1266 4167 1396 4243 fallam
1418 4166 1502 4256 erit,
1522 4163 1682 4260 proximb

457 4261 559 4337 literis
584 4254 823 4349 expellamus,
845 4279 1035 4352 quanquam
1058 4265 1246 4340 secundum
1272 4285 1312 4336 ea
1339 4285 1417 4358 quae
1440 4261 1605 4354 scripsistis
1632 4276 1683 4332 to

311 4421 314 4426 .
455 4375 534 4440 tum
548 4355 616 4456 jam
637 4352 751 4436 allum
767 4377 808 4432 ac
827 4355 1026 4438 mesanum
1043 4379 1225 4458 putamur,
1248 4379 1314 4432 nec
1331 4361 1425 4436 aliud
1443 4363 1546 4451 quam
1563 4373 1684 4468 eretu-

1582 4467 1684 4528 ΗΘΜ
