3736 5142
450 538 539 632 240
610 515 915 635 renerum
943 517 1220 608 tropeum
1247 518 1569 611 urrsronrr

495 679 583 752 -Tres
601 679 678 750 sunt
702 675 774 750 dics
791 675 886 768 quod
905 696 1040 749 mecum
1058 675 1213 752 Ferianus
1234 676 1405 767 tradavit,
1427 699 1578 771 quonam
1593 705 1672 760 mo

447 777 497 848 do
520 773 725 866 potiffimum
749 773 908 847 dominus
930 773 1107 866 Tysnacus
1134 773 1256 862 dimitti
1283 771 1389 867 pellit.
1436 776 1598 852 lnclinare
1619 782 1671 855 vi-

449 870 572 942 dentur
596 871 631 942 in
652 873 741 958 hoc,
765 885 803 941 ut
818 869 963 960 Privati,
984 871 1208 960 noestam,
1231 869 1370 945 Consilii
1385 869 1506 946 urerer
1524 895 1668 950 creetur.

446 963 574 1038 Nescio
600 988 643 1040 an
665 966 711 1038 ob
732 967 865 1040 titulum
885 968 1046 1056 alterum,
1067 985 1171 1059 quem
1190 967 1353 1042 haetenus
1368 965 1482 1060 gcffit,
1514 968 1669 1046 satis'erit

447 1077 651 1151 contentus,
673 1061 863 1138 videbimus
887 1083 958 1156 quo
980 1062 1035 1136 sua
1060 1060 1219 1157 Maiestas
1246 1063 1281 1135 se
1299 1061 1483 1137 inclinabit.
1531 1067 1670 1159 Raptim

445 1155 606 1248 Madriti‚
630 1161 665 1233 8.
684 1159 828 1253 Augusti
851 1164 955 1254 1569.
982 1159 1196 1234 Reverendae
1214 1157 1456 1256 Amplitudinis
1473 1158 1588 1234 vestrae
1610 1181 1671 1255 pe-
1828 1255 1829 1260 Ἰ

446 1253 624 1329 ratilirmus
639 1255 776 1330 servitor
792 1257 1006 1354 Joncurmus
1031 1257 1238 1330 Horuruus.

493 1351 675 1446 Adjunuae
704 1354 779 1427 sunt
805 1353 857 1426 his
876 1357 979 1426 literae
1001 1353 1132 1424 domini
1155 1351 1268 1423 Stellae
1283 1347 1388 1420 nossri
1404 1349 1447 1419 ad
1464 1351 1673 1443 Amplitudi·

444 1465 523 1517 nem
538 1447 691 1518 vestram.
725 1447 809 1516 Heri
832 1448 982 1518 definivit
996 1445 1052 1515 sua
1072 1443 1228 1527 Maiestas
1244 1442 1422 1534 negotium
1440 1443 1672 1522 Camauicen·

443 1539 683 1609 sesecundum
708 1539 854 1627 primum
879 1537 1068 1610 membrum
1089 1539 1191 1608 advisr
1210 1537 1317 1609 vestri.
1365 1537 1596 1619 Remittentur
1610 1543 1673 1616 lst-

442 1629 512 1702 lruc
530 1631 642 1703 omnia
660 1647 698 1700 ut
716 1630 909 1702 sententiam
930 1651 993 1702 vos
1008 1629 1253 1720 pronuntietis.
1455 1655 1457 1660 ’

661 1825 1131 1908 EPISTOLA
1217 1827 1458 1911 LXXX

494 2048 613 2132 Auo.
642 2037 815 2154 Epistola
850 2034 1031 2164 domestici
1050 2037 1139 2152 ferd
1167 2042 1388 2156 argumenti.
1443 2043 1534 2132 Rex
1552 2048 1663 2135 Bar·

440 2157 643 2256 maenum,
673 2173 718 2240 ut
754 2151 917 2248 dicitur,
945 2170 1090 2238 aturur.
1146 2153 1253 2274 Quae
1292 2153 1420 2265 priori
1446 2155 1594 2270 epistold
1615 2161 1661 2250 dt

440 2270 610 2357 auaris
632 2262 845 2382 interstitit
867 2265 1052 2354 nunciata
1065 2263 1261 2380 suerunt,
1290 2269 1451 2356 incerta.

442 2489 521 2760 q}
544 2586 581 2662 Ρ.
606 2585 776 2688 Quoniam
799 2587 856 2661 hic
879 2584 993 2661 cursor
1013 2586 1126 2686 transit
1147 2585 1339 2679 dumtaxat,
1356 2587 1565 2665 Reverendo
1579 2589 1665 2668 Pra-

439 2687 460 2759 s
498 2738 512 2776 ,
536 2683 573 2756 u
590 2685 687 2759 brevi
702 2687 763 2778 ipsi
777 2686 923 2778 aliquem
936 2681 1058 2757 millun'
1071 2683 1205 2757 fomite
1219 2685 1357 2792 sumus,
1378 2687 1461 2760 nihil
1477 2709 1568 2761 nunc
1587 2689 1664 2763 scri·

438 2784 517 2856 bam
533 2782 647 2871 alud,
670 2787 774 2874 quam
790 2780 950 2874 accepisic
971 2780 1081 2852 literas
1103 2781 1344 2873 Amplitudrnis
1361 2781 1481 2856 vestra
1495 2783 1662 2860 XXVIH.

439 2878 541 2977 Julii,
565 2877 724 2992 Calendis
744 2877 781 2950 dc
798 2877 862 2950 VI.
880 2877 1025 2970 Augusti
1041 2875 1153 2968 datas3
1168 2878 1211 2950 ad
1224 2897 1309 2971 quas
1328 2896 1424 2968 tum,
1447 2879 1528 2954 Deo
1547 2879 1661 2955 volen-

437 2972 1084 3161 teilffiitffilirilairlurffsgeoffiieslioomma
1100 3071 1288 3164 procurabo
1307 3069 1500 3162 diligenter,
1521 3066 1656 3162 jamque

252 3124 258 3138 ”
321 3219 332 3236 .
436 3185 517 3240 ante
538 3189 582 3239 ex
604 3169 770 3260 prioribus
795 3168 896 3241 literis
916 3165 1154 3258 Amplitudinis
1170 3167 1284 3240 veilrae
1308 3164 1489 3257 scripseram
1515 3165 1560 3235 ad
1584 3187 1657 3239 ma-

437 3261 576 3430 }istufrim
592 3263 792 3337 Buchonem
802 3278 860 3355 ,ut
878 3261 1010 3337 videret
1027 3281 1070 3336 an
1090 3263 1285 3337 conveniret
1302 3277 1371 3336 tum
1387 3261 1450 3333 illis
1465 3259 1657 3354 quidquam

451 3381 462 3429 ι
510 3378 523 3427 ι
547 3377 633 3430 care.
1489 3383 1493 3390 ·

463 3377 538 3526 gPle
563 3452 728 3526 Folcardo
750 3455 844 3527 breul
865 3455 995 3548 aliquid
1020 3457 1226 3548 statuemus,
1247 3471 1286 3528 ut
1307 3453 1365 3530 vel
1382 3471 1463 3528 cunr
1481 3453 1660 3534 Bolremiae

435 3547 640 3643 Principibus
659 3549 720 3638 fit,
739 3551 795 3622 vel
814 3571 894 3621 cum
913 3553 1014 3624 Duce
1033 3552 1184 3627 Feriam.
1253 3608 1256 3618 ,

481 3647 608 3722 Litcras
620 3645 663 3720 ad
679 3645 890 3722 Cardinalem
909 3649 1125 3744 Siguntinum
1141 3651 1198 3722 hle
1214 3643 1387 3735 nostmm,
1409 3647 1478 3741 ipsc
1497 3671 1588 3740 cras,
1599 3671 1658 3744 ap·

435 3745 614 3838 probrante
632 3745 734 3837 Deo,
755 3745 903 3820 reddam.
949 3747 1036 3821 Non
1058 3743 1180 3820 dubito
1197 3745 1279 3838 quin
1300 3757 1399 3816 crunt
1416 3745 1611 3838 gracillima

482 3841 539 3916 De
558 3843 671 3918 Gratia
683 3842 841 3920 Genemli
854 3843 969 3918 omnia
984 3843 1059 3918 ferd
1075 3843 1230 3915 conclusa
1248 3841 1345 3930 sunt;
1366 3839 1425 3911 sed
1443 3841 1557 3914 nescio
1572 3841 1657 3933 quid

434 3934 576 4012 domino
602 3941 822 4015 Monteniaco
843 3957 1013 4029 metuam,
1042 3953 1221 4030 antequam
1241 3937 1510 4032 promulgentur.
1557 3937 1655 4009 Nr'lril

433 4037 546 4102 tamen
562 4049 682 4120 prater
703 4035 921 4128 suspicionem
941 4035 1063 4106 habeo·

479 4121 567 4193 Sunt
589 4125 660 4195 dies
682 4145 826 4214 quatuor
849 4127 944 4219 quod
964 4127 1009 4198 de
1034 4131 1192 4204 omnibus
1217 4129 1379 4206 Ferianus
1397 4145 1534 4201 metum
1559 4126 1658 4223 egit,
1718 4129 1724 4146 ’

431 4237 508 4314 quae
527 4216 571 4292 ad
597 4218 864 4312 Amplitudinem
885 4222 1026 4296 vestram
1052 4225 1240 4316 pertinent,
1266 4228 1303 4298 dc
1327 4224 1511 4300 militonem
1528 4224 1658 4298 domini

434 4315 604 4408 Tysnaci,
627 4335 730 4409 quem
749 4338 791 4391 ea
813 4317 977 4393 detrusa
998 4319 1159 4394 Toletum
1180 4321 1300 4394 venire
1325 4319 1439 4413 jesue,
1471 4319 1531 4392 ubi
1552 4339 1658 4412 nego

435 4415 520 4491 tium
541 4413 588 4494 illi
605 4432 698 4509 erat,
720 4431 759 4493 ut
771 4429 920 4493 mentem
939 4414 1005 4492 suae
1019 4415 1204 4512 nujelutis
1219 4418 1252 4490 ei
1268 4415 1439 4511 declaret,
1461 4415 1500 4490 dt
1515 4417 1657 4584 potetellg
