3746 5142
452 501 510 590 92
574 449 888 592 rora-onum
915 471 1196 559 Horraar
1223 469 1550 558 Eursronn
1587 545 1590 550 ,

459 633 525 708 V.¹
557 632 594 704 dt
617 628 760 706 xvlllr
782 628 876 724 julii,
899 629 998 723 super
1012 629 1160 724 quibus,
1184 629 1365 722 quominus
1384 623 1576 719 responsum
1592 627 1675 700 hac-

454 745 551 802 tenus
574 726 769 819 accepistis,
794 747 865 800 noo
888 727 967 799 mea
991 725 1150 820 equidem
1175 728 1376 814 voluntate,
1398 723 1564 794 imovero
1583 720 1675 796 sum-

455 844 513 902 mo
545 821 664 895 dolore
696 821 822 896 sallum
856 820 918 896 est.
964 823 1034 896 Sed
1062 823 1181 915 partlm
1211 822 1307 914 quod
1331 840 1401 894 non
1424 817 1528 890 essent
1549 817 1673 907 quibus

415 915 544 990 mette
573 917 675 1010 literae
706 919 865 992 darentur
890 938 899 989 r
924 919 1044 1011 partim
1067 921 1164 1011 quod
1185 921 1249 1012 iam
1270 937 1292 990 a
1313 915 1462 1010 pluribus
1484 912 1673 1006 septimanis

452 1012 496 1085 de
520 1013 576 1086 die
599 1014 633 1086 in
658 1016 747 1087 diem
778 1013 1038 1107 exspesiavimus
1067 1015 1218 1108 quisnam
1246 1013 1380 1092 tandem
1411 1011 1530 1083 harum
1560 1031 1671 1083 retum

454 1108 533 1183 ellet
556 1111 694 1198 exitus,
719 1111 756 1182 dt
779 1111 861 1204 quid
884 1111 1008 1184 consrlri
1032 1111 1153 1205 Regiae
1167 1109 1336 1204 Maiestati
1354 1107 1524 1182 videretur
1540 1106 1671 1199 capien-

453 1205 547 1281 dum.
595 1207 685 1319 Quae
707 1207 870 1302 quidem,
892 1207 979 1280 inter
1000 1223 1115 1280 caetera
1139 1204 1342 1300 graviffima,
1365 1204 1433 1276 hoe
1450 1201 1578 1297 semper
1594 1223 1669 1296 per-

452 1304 592 1397 plexum
619 1306 778 1393 mvenit,
809 1303 904 1398 quod
928 1302 1042 1377 iisdem
1073 1303 1174 1378 literis
1203 1298 1456 1392 &responsum
1485 1301 1668 1374 absolutum

392 1411 395 1419 ⁴
452 1399 522 1492 peti
538 1400 728 1484 videretur,
753 1401 790 1472 dc
807 1418 917 1472 tamen
936 1399 1160 1482 Advisorum,
1183 1413 1251 1470 ram
1271 1395 1437 1469 Ordinum
1461 1415 1561 1488 quam
1575 1393 1669 1469 Con-

454 1493 621 1581 siliorum,
644 1493 746 1566 millio
770 1495 1041 1586 promitteretur,
1063 1513 1207 1585 quorum
1230 1491 1351 1582 utique
1373 1491 1483 1566 nullus
1494 1493 1671 1584 putabatur

450 1590 526 1660 fore
559 1589 656 1673 usus,
679 1587 704 1658 fi
729 1605 907 1668 monente
939 1587 1178 1661 resolutionem
1202 1587 1478 1662 examinarentur.
1527 1588 1609 1688 Qui
1630 1607 1668 1659 re

451 1681 580 1756 netum
609 1681 680 1770 est,
705 1696 768 1773 ut,
791 1685 920 1756 tametsr
944 1681 1150 1758 creberrimis
1173 1683 1273 1758 literis
1296 1683 1669 1776 Dominae,nostrisque

449 1777 766 1870 interpellationibus
787 1799 897 1874 prope
919 1779 1186 1869 continentibus,
1208 1781 1348 1874 ipsique
1369 1778 1456 1851 adeo
1472 1795 1583 1856 rerum
1599 1779 1670 1853 tris·

302 1883 306 1892 '
452 1873 572 1948 tillimi
603 1875 689 1948 sacie
718 1874 898 1970 impulsus,
921 1877 1046 1968 reliqua
1067 1876 1132 1970 jam
1154 1877 1233 1960 Rex
1254 1875 1418 1950 definierit
1442 1895 1451 1946 ι
1476 1875 1575 1970 super
1597 1896 1671 1948 mo-

452 1969 624 2058 deratione
647 1987 760 2043 tamen
783 1973 864 2044 nihil
886 1972 1033 2064 potuerit
1055 1972 1138 2046 certi
1160 1973 1326 2064 statuere,-
1347 1991 1538 2064 quanquam
1556 1989 1672 2046 tamen

453 2067 510 2180 id,
535 2069 629 2158 quod
661 2065 820 2140 statutum
852 2065 924 2159 est,
947 2067 1111 2166 ejtrsmodi
1133 2069 1205 2159 est,
1229 2085 1267 2144 ut
1288 2069 1386 2142 bonis
1407 2067 1525 2142 metitd
1548 2067 1673 2140 debeat
1772 2118 1775 2128 -

451 2161 711 2354 ranfiftmgpleihem
741 2259 805 2354 iam
828 2261 906 2335 sunt
927 2259 1120 2358 septimane
1142 2277 1230 2352 tres,
1253 2262 1348 2356 quod
1369 2261 1501 2333 alternis
1524 2255 1669 2349 diebus,

450 2372 471 2429 e
495 2355 671 2450 Segovia,
694 2357 843 2432 Boscum
869 2359 912 2432 ad
934 2359 1067 2452 Regem
1099 2359 1361 2453 proficiscimur3
1384 2355 1443 2430 ubi
1464 2355 1509 2427 d'e
1531 2355 1668 2448 lingulis

450 2451 589 2543 ordine,
612 2458 690 2528 edm
712 2455 747 2527 in
771 2453 922 2529 Conlilio
944 2455 1164 2545 Status‚tbm
1175 2455 1267 2550 apud
1282 2455 1388 2548 ipsum
1403 2453 1561 2546 Regem,
1584 2451 1666 2543 qui,

302 2541 304 2550 ’
449 2547 547 2640 supra
572 2555 674 2644 quim
699 2551 762 2624 dici
784 2567 906 2644 queat,
929 2551 978 2623 eli
1001 2551 1211 2646 intelligens,
1233 2547 1464 2625 accuatilstme
1489 2547 1558 2630 fuit
1583 2564 1666 2621 trae·

333 2700 336 2710 2
418 2727 422 2736 g
448 2655 566 2718 tatum.
615 2647 694 2720 Nec
717 2667 866 2736 unquam
890 2646 1068 2740 potuissem
1092 2649 1298 2722 inanimum
1321 2645 1503 2733 inducere,
1526 2641 1665 2736 eosqui

448 2739 505 2814 hic
528 2741 703 2830 sunt,tam
726 2743 789 2818 effe
809 2747 887 2819 cum
910 2743 1062 2818 omnium
1085 2748 1158 2817 tum
1176 2745 1294 2818 harum
1308 2761 1417 2814 rerum
1436 2744 1584 2834 petitos,
1607 2739 1666 2812 nifi

448 2835 518 2928 ipse
536 2840 635 2912 essem
654 2855 823 2932 expertus.
860 2838 1069 2935 Egimusque
1088 2838 1205 2916 sedulo
1222 2837 1314 2934 apud
1330 2837 1484 2932 Regem,
1506 2855 1543 2911 ut
1560 2835 1663 2909 Mon·

448 2933 595 3007 reniacus
611 2937 772 3030 particeps
789 2937 853 3009 esse
868 2937 975 3028 pollet
999 2937 1165 3029 Consisti3
1184 2939 1301 3011 verbm
1315 2933 1350 3006 id
1368 2953 1538 3026 nunquam
1554 2930 1662 3026 quivi·

324 3031 327 3038 '
448 3049 525 3100 mus
541 3031 718 3124 impetrare
739 3053 748 3101 :
767 3031 824 3104 sed
838 3031 916 3126 poli
934 3031 1047 3106 omnia
1067 3031 1252 3127 disputata,
1274 3030 1509 3108 resolutionem
1527 3029 1559 3103 ei
1576 3023 1664 3122 juffit

447 3143 510 3215 per
531 3145 592 3196 nos
611 3128 858 3201 communicari.

495 3217 577 3310 Ejus
594 3219 722 3295 summa
738 3225 809 3296 haec
826 3221 893 3312 est,
917 3226 1087 3317 primdm,
1109 3240 1148 3298 ut
1166 3225 1339 3321 Inquisitio
1365 3229 1483 3313 cesset,
1506 3225 1663 3300 dummo-

447 3311 494 3408 do
516 3311 697 3406 jurisdidiio
726 3318 930 3411 Episcopalr's
953 3337 1031 3394 ante
1058 3321 1162 3394 suerit
1185 3323 1398 3398 constabilita.
1442 3323 1601 3408 Placere,
1624 3335 1665 3392 ut

443 3426 597 3482 veterum
619 3412 845 3503 placitorum,
877 3435 941 3508 pro
968 3415 1095 3489 ratione
1118 3431 1334 3510 temporum,
1366 3419 1551 3510 moderatio
1577 3416 1664 3506 fiat,
1713 3443 1720 3454 ¹

447 3507 636 3580 dummodo
654 3509 780 3583 Advisa
807 3509 898 3601 prius
919 3509 988 3585 illic
1008 3511 1258 3604 examinentur,
1282 3515 1561 3610 &quorumdam
1585 3512 1663 3584 arri-

380 3635 385 3643 ·
445 3605 599 3684 culorum
612 3603 767 3700 ,legibus
784 3607 922 3699 quidem
940 3608 1170 3702 proditorum,
1195 3609 1251 3684 sed
1266 3615 1301 3682 in
1317 3611 1545 3686 moderatione
1564 3605 1663 3681 omis·

443 3703 580 3793 sorum,
593 3702 732 3798 diligens
750 3703 833 3778 ratio
852 3703 1031 3796 habeatur,
1055 3727 1098 3779 ex
1114 3705 1217 3801 iisqne
1233 3707 1408 3798 omnibus,
1432 3727 1521 3780 nova
1539 3707 1663 3778 iterum

445 3797 553 3870 forma
578 3801 796 3893 concipiatur.
844 3799 1082 3884 Remilliqnem
1111 3805 1299 3895 generalem
1322 3825 1392 3876 non
1414 3803 1613 3900 displicere,
1635 3799 1662 3870 sr

445 3895 552 3966 modo
568 3911 685 3970 caetera
701 3897 793 3972 rede
810 3894 844 3969 se
859 3899 1025 3987 habeant,
1050 3898 1087 3970 dt
1104 3897 1237 3972 rescissis
1254 3901 1409 3973 omnibus
1425 3895 1664 3992 conjurationi-

443 3981 509 4055 bus
526 4005 565 4093 ac
582 3989 786 4081 foederibus,
797 3991 939 4064 Domini
955 3996 1148 4085 promittant
1165 3995 1199 4066 se
1215 4017 1303 4068 curae
1315 3995 1505 4085 habituros,
1522 4009 1563 4066 ut
1578 4009 1661 4062 con-

443 4083 643 4166 venticulis,
665 4087 906 4174 concionibus,
931 4087 968 4158 dt
985 4089 1056 4162 aliis
1078 4087 1233 4161 srnrilibus
1246 4091 1378 4165 obviam
1392 4107 1496 4165 eatur.
1527 4089 1661 4181 Regem

406 4250 409 4258 .
441 4189 552 4248 totum
574 4175 607 4248 in
632 4178 700 4260 hoc
727 4180 813 4263 effe,
844 4195 883 4250 ut
903 4181 1247 4272 quamprimum'iliic
1269 4187 1374 4276 adfrt,
1403 4203 1444 4260 ut
1463 4184 1662 4274 tardissime,

285 4271 294 4282 ‘
441 4269 596 4368 proximo
616 4269 719 4344 Vere.
741 4273 877 4344 Interim
895 4273 1031 4348 videant
1049 4293 1088 4349 ut
1105 4280 1378 4356 concionantium
1396 4285 1432 4356 dt
1448 4282 1663 4356 consuedem·

435 4379 552 4448 ,torum
568 4366 739 4454 insolentia
753 4368 971 4464 reprimatru,
993 4391 1172 4466 mutaque,
1185 4376 1221 4450 ,li
1236 4379 1317 4469 quid
1334 4399 1394 4480 per
1415 4379 1486 4456 vim
1509 4393 1663 4454 tentave-
