3736 5140
453 456 534 571 360
588 411 899 573 torremur
927 449 1203 548 norrrur
1229 447 1551 554 uersa-our

451 615 515 696 erit
539 617 673 706 oritus,¹
703 637 806 712 quem
827 614 969 690 felicem'
987 613 1064 689 fore
1084 614 1185 688 valde
1210 612 1396 707 spenmus3
1423 614 1545 706 ellque
1571 613 1667 692 ueto

448 713 598 803 mirum,
620 723 833 807 quantopere¹
848 713 985 806 Regem
1003 711 1212 786 exlrllararint
1233 731 1321 786 nova
1350 710 1500 796 Garun,
1520 710 1565 784 de
1591 712 1673 785 Ad-·

447 809 592 884 miraldo
611 811 648 884 δι
667 809 738 885 aliis
765 807 984 904 llugoenotia
1009 808 1152 896 occius,
1174 806 1267 880 unde
1283 807 1415 901 aliqud
1434 806 1478 881 ad
1501 806 1670 898 nothoni

447 905 636 982 redundare
662 907 780 1002 polle,
802 906 902 982 valde
928 905 1105 999 speramus.
1642 915 1651 944 l

492 999 587 1075 Bene
604 1005 716 1079 valeat
736 1002 939 1080 Reverenda
960 1002 1163 1096 Amplitudo
1179 997 1314 1088 vestra,
1336 997 1394 1074 tui
1413 1017 1501 1074 uxor
1519 994 1670 1069 &liberi

447 1101 552 1190 quen
576 1099 833 1211 officiosrllime‚
865 1100 904 1174 δι
930 1098 1040 1176 vetb'u
1060 1104 1167 1194 quam
1193 1095 1418 1194 erupturae,
1440 1095 1475 1170 se
1497 1091 1598 1168 etiam
1621 1105 1674 1184 et,

449 1200 1079 1405 quzaffiiaglffieffitffimstm
1106 1291 1343 1402 nudiustertius
1364 1289 1475 1401 subita
1493 1303 1584 1376 more
1601 1235 1674 1357 stne

448 1388 659 1464 sacremenus
683 1391 723 1467 δι
745 1393 944 1468 testamento
967 1389 1129 1464 abstulit·
1158 1387 1362 1482 Reqmescat
1389 1407 1426 1459 ιιι
1452 1403 1548 1478 pace.
1594 1378 1672 1451 Mr-

446 1484 522 1558 dn'ti
546 1504 580 1578 7.
604 1486 809 1648 Septembris
830 1504 934 1577 1572.
982 1484 1196 1560 Reverendce
1212 1480 1451 1580 Amplitudinls
1473 1475 1594 1554 velhae
1613 1495 1672 1571 pa·

371 1641 376 1648 .
444 1576 622 1652 nnffinus
652 1578 776 1652 eruitur
795 1579 1007 1670 Joncfflrrus
1029 1579 1241 1650 Hoerrrrus.

487 1673 578 1746 Sunt
603 1671 657 1740 hic
677 1671 713 1744 in
740 1670 858 1742 studiis
880 1669 954 1740 duo
975 1667 1036 1739 filii
1057 1667 1189 1741 domini
1215 1665 1373 1756 Belou,
1392 1665 1518 1758 quibos
1546 1685 1670 1758 argen-

281 1755 287 1762 ’
442 1781 516 1840 tum
547 1759 742 1854 suppeditat
767 1762 905 1851 quidem
928 1757 983 1828 vir
1014 1758 1127 1833 bonus
1152 1759 1325 1848 Georgius
1352 1757 1489 1844 orirer,
1519 1759 1674 1853 gogus,-

442 1873 608 1934 mercator
634 1853 869 1943 Melitensis,
887 1851 1015 1944 absque
1029 1849 1113 1945 'quo
1144 1852 1236 1926 fane
1259 1866 1494 1940 morerentur,
1514 1867 1555 1925 ut
1577 1856 1676 1946 uide-

445 1973 513 2030 tur.
560 1951 609 2024 Et
633 1949 711 2022 sane
739 1951 823 2023 alter
847 1969 965 2024 eorum
991 1947 1050 2022 vel
1071 1945 1323 2035 mortutuest,
1344 1949 1400 2020 vel
1422 1969 1494 2024 non
1508 1949 1610 2044 longe
1629 1951 1671 2025 ab

447 2071 493 2126 eo
526 2046 620 2121 abest
635 2097 665 2136 ‚.
681 2065 803 2142 magna
827 2067 873 2124 ex
897 2059 992 2139 parte
1020 2061 1088 2137 pre
1116 2043 1239 2120 inedia.
1285 2043 1419 2117 Placeat
1448 2045 1671 2138 Amplitudini

281 2223 289 2232 ,
446 2143 568 2222 vestrae
586 2163 628 2218 ea
651 2143 688 2216 in
706 2163 742 2216 re
766 2141 956 2238 prospicere
972 2140 1067 2234 apud
1091 2155 1243 2235 petrem,
1265 2157 1307 2214 ut
1329 2139 1424 2232 quod
1445 2161 1577 2237 equum
1594 2141 1669 2232 est,

446 2241 514 2322 fiat.
556 2237 743 2334 'Cognosce
768 2259 849 2312 eum
876 2236 1041 2333 ,ejusmodi
1066 2251 1131 2326 ut,
1160 2237 1222 2313 ubi
1246 2255 1319 2312 rem
1343 2239 1671 2344 cognorit„nullam

446 2355 577 2436 partem
594 2336 677 2411 boni
697 2334 735 2412 δι
756 2335 846 2439 aequi
863 2337 904 2412 lit
918 2333 1205 2438 pretermitteret
1506 2413 1510 2421 ,
1557 2401 1560 2418 ,
1654 2389 1658 2402 .

477 2537 482 2547 ’
627 2480 1093 2620 errsroen
1175 2483 1571 2676 euerte-
1650 2595 1668 2620 .,

502 2744 624 2831 Ano.
650 2743 798 2852 Angor
824 2763 870 2830 at
894 2737 1001 2828 dolor
1022 2739 1201 2854 Happert'
1224 2740 1268 2829 dr
1293 2737 1425 2856 misere
1449 2763 1578 2829 rtrum
1594 2736 1673 2855 lla·

449 2872 504 2939 ru.
562 2853 647 2944 Solo
670 2856 737 2941 hoc
757 2853 902 2942 intuitu
922 2877 1070 2966 egram
1088 2853 1256 2942 animum
1267 2854 1446 2968 filiatu'r,
1476 2855 1577 2972 quoti
1589 2853 1672 2940 nul·

447 2963 484 3052 lo
513 2993 587 3054 non
617 2988 692 3054 tem
720 2991 783 3054 ore
807 2965 1040 3064 veritatem,
1069 2964 1183 3058 etiam
1210 2963 1541 3076 renarrantibus,
1569 2967 1673 3053 dira·

374 3183 385 3197 x
449 3077 503 3165 rit
513 3103 530 3180 ,·
553 3102 642 3194 prae
712 3082 747 3168 ei
765 3077 891 3174 cultu,
1011 3079 1048 3164 is
1074 3105 1122 3165 ae
1140 3077 1298 3194 parriaet
1311 3074 1501 3181 utilitate,
1530 3087 1666 3192 cetera

449 3190 574 3278 omnia
597 3191 723 3303 parvi
745 3191 926 3306 pendens.
1027 3186 1385 3288 dotraremediass,
1409 3179 1670 3296 aureatenses

448 3297 593 3411 eliquat
612 3301 853 3424 prostrare,
884 3328 982 3394 nunc
1002 3297 1102 3426 orffa
1125 3300 1431 3416 atsttprruatua.
1469 3411 1474 3422 .
1595 3355 1625 3373 -.

522 3644 530 3666 .
553 3583 595 3665 Ρ.
617 3585 823 3674 Reverende
837 3595 975 3676 Praeful.
1020 3591 1139 3686 scripti
1156 3590 1381 3685 superlonbue
1402 3589 1524 3668 diebu·
1541 3607 1606 3666 noe
1621 3603 1674 3670 to·

348 3761 353 3768 .
448 3706 502 3764 tos
523 3685 588 3764 elle
618 3686 653 3768 in
675 3691 809 3766 cursore
834 3693 1025 3783 mittendo,
1046 3687 1141 3784 quod
1163 3685 1303 3762 omnino
1324 3685 1402 3786 post
1424 3687 1499 3764 diet
1523 3707 1589 3762 tres
1614 3699 1674 3760 aut

448 3801 623 3880 quatuor,
647 3807 709 3880 per
725 3787 793 3863 Dei
815 3789 973 3884 gratiam,
997 3788 1047 3864 est
1069 3785 1234 3862 fumeum.
1278 3781 1412 3858 Interim
1441 3783 1528 3894 duni
1552 3804 1616 3890 per
1632 3781 1675 3860 it·

449 3900 523 3955 tum
547 3882 717 3957 cursorem
736 3885 909 3962 Gallicum
933 3885 1091 3976 quaedam
1118 3881 1303 3969 mititare,
1324 3901 1394 3954 non
1415 3891 1512 3971 poen
1531 3891 1672 3984 omitte·

313 3977 316 3984 ’
446 3997 511 4065 re,
533 3977 617 4068 quin
646 4000 716 4051 uno
741 3980 848 4053 verbo
872 3980 1140 4072 Amplitudinem
1164 3979 1307 4052 vellram
1327 3975 1526 4062 tuamen,
1547 3989 1674 4046 W·

446 4087 513 4162 que
543 4089 603 4158 per
633 4071 701 4166 Dei
728 4073 867 4162 gratiam
892 4073 980 4145 circa
1005 4093 1068 4148 noa
1094 4073 1187 4151 reue
1211 4075 1279 4151 elle
1302 4071 1547 4170 significarem,
1568 4086 1676 4160 (Μ’

444 4179 519 4244 turn
545 4161 588 4234 ad
607 4182 732 4254 corpur
750 4164 879 4239 attinet.
926 4165 1127 4260 ceterum,
1149 4187 1319 4264 quantum
1345 4171 1391 4246 ad
1413 4166 1584 4254 animum,
1605 4181 1676 4237 non

448 4263 620 4356 pollemus
642 4279 714 4333 non
735 4261 911 4358 languere,
935 4263 1046 4339 donec
1068 4265 1178 4361 aliqua
1200 4267 1342 4342 meliora
1370 4264 1512 4353 istanc,
1534 4278 1598 4336 aun
1621 4279 1679 4355 go·

364 4369 369 4376 ·
448 4359 599 4434 nenliter
628 4361 731 4451 quarn
756 4359 1019 4455 particulariter,
1050 4361 1269 4453 adferannu3
1300 4380 1409 4460 prout
1435 4359 1577 4448 ommno
1603 4353 1679 4434 f010

449 4459 549 4548 pane
574 4456 789 4538 murinus.
1597 4451 1678 4528 una
