3736 5142
264 483 349 598 no
366 494 607 590 vronrum
628 508 686 582 in
701 471 912 582 nmen
930 483 1285 590 zmcrrnmurt'
1318 505 1405 594 2211

188 642 230 741 tit
243 683 287 736 ex
303 659 452 756 Aphrim
475 655 556 730 nihil
582 650 645 730 illis
672 653 713 727 fit
735 641 975 746 sperandum,'
989 651 1091 727 breve
1113 654 1269 750 putamus
1287 659 1418 738 bellum

188 761 373 839 finiturum.
421 751 584 848 Cogitavi
599 771 642 824 tm
660 749 751 844 apud
766 747 938 824 Feriunum
957 747 1066 822 fretris
1083 749 1192 824 lilium
1204 751 1296 830 rcere
1312 760 1418 846 posse·

189 877 265 934 mus
291 857 481 940 collocate,
505 870 552 924 an
571 847 674 920 alium
691 846 836 936 aliquem
856 846 900 918 de
916 846 1118 938 primoribus
1133 847 1258 922 horum
1274 850 1419 944 Regno·

81 962 86 974 '
191 973 280 1027 tum.
297 948 450 1026 Omnino
464 961 577 1018 autern
592 943 674 1038 quid
687 941 799 1014 aerum
818 941 880 1011 erit
890 943 1070 1036 ,proximis
1084 943 1184 1021 literis
1200 945 1418 1052 perscribam,

192 1048 326 1126 llsorte
345 1041 570 1136 Amplitudini
587 1037 703 1112 vestrae
718 1036 871 1108 videatur
891 1053 929 1109 ut
949 1037 993 1110 ita
1007 1036 1181 1115 satiamus.

193 1163 196 1175 ’
242 1143 430 1216 Archiduci
446 1137 571 1210 Carolo
587 1133 624 1206 in
640 1155 714 1207 eam
733 1131 926 1206 sententiam
941 1133 1136 1226 responsum
1152 1135 1229 1227 esi,
1252 1158 1320 1229 qur
1338 1160 1419 1217 con·

195 1237 428 1324 sulueramust
457 1232 631 1325 videoque
651 1228 917 1322 Amplitudinem
943 1229 1112 1324 velhem,
1141 1233 1317 1307 dominum
1336 1235 1420 1310 Car·

198 1334 344 1408 dinalem
367 1329 650 1415 Granvellanum,
675 1325 711 1397 dt
734 1343 824 1412 nos,
856 1324 892 1398 in
918 1327 1061 1398 eandem
1079 1328 1277 1401 sententiam
1296 1352 1427 1406 conve·

198 1429 281 1504 nisse
287 1449 302 1518 3
331 1428 421 1500 unde
443 1423 559 1520 postea
584 1421 628 1496 lle
654 1419 835 1515 Hispanice
860 1419 1054 1514 responsum
1077 1424 1149 1513 est,
1179 1426 1273 1518 quod
1295 1426 1423 1504 deinde

196 1523 315 1600 serunt
332 1525 368 1597 in
384 1523 542 1597 Latinum
569 1518 765 1592 conversum
790 1539 800 1590 ε
824 1515 883 1590 sed
897 1537 965 1612 ego
983 1519 1138 1592 nondum
1152 1519 1234 1596 vidi.
1282 1523 1352 1597 Sed
1370 1523 1424 1600 vi·

195 1619 290 1695 debo
307 1623 386 1693 cunr
403 1621 539 1709 volam,
560 1617 598 1690 &
621 1633 660 1691 ut
676 1612 903 1714 Amplitudini
922 1611 1041 1688 veslrae
1060 1617 1157 1713 copia
1171 1617 1243 1710 eius
1255 1617 1313 1693 lint
1331 1641 1424 1696 cum·

194 1717 255 1791 bo.
302 1716 338 1791 si
358 1713 427 1808 jure
441 1713 679 1791 resumenda
696 1717 767 1802 est,
790 1711 872 1785 nihil
888 1712 937 1784 est
955 1713 1031 1786 stne
1046 1716 1140 1807 quod
1159 1715 1321 1793 &mani
1339 1739 1425 1793 con·

191 1829 385 1908 querantur.
433 1813 491 1884 De'
512 1810 627 1896 sesto,
655 1810 753 1900 spero
778 1807 853 1876 illos
875 1825 945 1886 non
967 1812 1196 1900 processuros,
1226 1830 1423 1906 quanquam

192 1913 356 2006 egregie,
386 1917 426 1976 ut
443 1905 602 1989 videtur,
624 1901 805 1973 minentur.

240 1999 437 2084 Muilitmur
456 1999 504 2082 de¹
519 1996 732 2070 matrimonio
753 1991 872 2093 Regis.
904 1987 1090 2068 cardinalis
1113 1994 1291 2068 Gttisrtnus
1312 1997 1423 2074 adhuc

195 2100 301 2178 td'est.
348 2093 444 2194 Quid
461 2095 613 2168 summm
628 2091 691 2182 sit,
712 2087 829 2177 brevi,
852 2101 1018 2182 utputo,
1042 2089 1172 2164 scienrr.

247 2195 305 2270 De
330 2189 565 2284 scriptionibus
589 2188 683 2272 istinc
709 2185 753 2259 td
779 2183 992 2256 Cmdinalem
1020 2185 1079 2277 qui
1103 2187 1161 2259 hic
1183 2184 1253 2276 est,
1276 2189 1357 2266 nihil
1375 2187 1427 2266 est

201 2291 301 2383 qnod
316 2285 516 2378 Amplitudo
538 2282 651 2355 'vestre
674 2287 851 2370 vereatut.;
874 2279 938 2354 'am
961 2279 1092 2356 dudum
1112 2281 1202 2356 enim
1216 2283 1287 2358 suae
1302 2288 1426 2386 Maies-

194 2383 263 2460 -teti
278 2381 315 2456 dt
336 2379 419 2456 sdes
435 2377 677 2476 Amplitudinis
699 2375 838 2465 vestrae,
862 2303 900 2451 ἐι
924 2375 1053 2466 virtus,
1077 2379 1114 2452 dt
1136 2379 1264 2454 summa
1277 2381 1428 2476 denique

200 2496 313 2557 rmum
331 2477 484 2553 omniunt
503 2477 618 2574 petitia
634 2474 778 2570 spretam
796 2472 869 2565 est,
891 2475 937 2548 sic
956 2489 995 2547 ut
1013 2494 1092 2549 meo
1108 2475 1190 2550 nihl
1209 2477 1249 2552 fit
1265 2498 1354 2574 opus
1368 2498 1429 2576 pe·

191 2575 358 2652 nocinio.
404 2574 472 2650 Sed
491 2575 583 2650 sires
597 2573 731 2650 sortasse
752 2593 867 2646 meum
882 2570 1052 2645 servitium
1070 2575 1193 2668 (quod
1211 2595 1427 2671 nequaquam

191 2670 665 2769 ptemwpostulareteeem
687 2669 748 2745 ilbi
767 2665 980 2764 persuadebit
1003 2668 1207 2766 Amplitudo
1231 2673 1342 2749 vestm
1368 2675 1429 2750 ne'·

195 2783 374 2864 ¹qusquam
390 2767 603 2844 defuturum.
806 2803 810 2810 .
1220 2847 1223 2854 ⁴

250 2863 309 2938 De
334 2865 460 2940 domini
479 2863 621 2960 Nopeni
644 2879 754 2960 mprte
779 2861 965 2960 plurimum
989 2863 1118 2956 dole03
1146 2863 1214 2942 fuit
1235 2866 1324 2968 enim
1344 2863 1427 2943 mihi

195 2971 390 3059 'praeteptor
406 2961 535 3057 optime
551 2962 700 3038 meritus.
932 2989 934 2999 ·
1089 2966 1113 3008 ⁵·
1199 2963 1203 2974 ’

192 3073 224 3118 ³··
237 3057 435 3133 inventam
454 3058 617 3134 librorum
634 3057 702 3134 fltae
717 3057 884 3152 Moiestnti
897 3061 1051 3156 pergrato]
1065 3057 1166 3152 sunt3
1186 3059 1249 3135 Ad·
1263 3059 1348 3158 petit
1364 3071 1430 3150 ut,

192 3155 267 3252 qul
283 3153 357 3228 libri
379 3155 589 3248 lummqui
612 3155 840 3245 Gellicisnt,
863 3151 1058 3234 nominatim
1084 3157 1265 3232 annotetur
1288 3157 1427 3252 :idque
1501 3231 1508 3246 ,
1653 3167 1657 3174 “

71 3327 78 3342 ,
193 3250 256 3325 nn·
277 3252 321 3325 ad
344 3251 615 3346 Amplitudinem
633 3252 776 3326 vestram
793 3252 1053 3348 perscriberem,
1075 3253 1256 3336 mandevit.

254 3345 353 3420 Circa
369 3345 499 3420 domini
517 3347 682 3422 Blondelii
701 3349 872 3443 negotium
888 3347 1007 3422 setiam
1028 3334 1249 3442 pe'rlsibeirsel·
1259 3347 1429 3444 'quidqitid

205 3457 331 3538 potero
358 3443 479 3532 officii,
501 3445 580 3516 cunr
607 3458 744 3538 tempus
765 3445 827 3518 erit
852 3465 862 3516 t
887 3444 969 3518 dixit
991 3447 1081 3520 enim
1108 3445 1301 3524 hisdiebus
1326 3448 1431 3536 Rex,

205 3537 246 3613 se
266 3534 360 3610 brevi
380 3537 425 3611 de
450 3539 739 3633 recompensandis
763 3539 826 3616 illis
851 3540 913 3636 qui
935 3543 1022 3618 bene
1047 3542 1159 3616 meriti
1180 3543 1258 3620 sunt
1274 3543 1432 3618 uadatu-

205 3651 296 3710 rum.
952 3699 956 3707 .
1568 3671 1576 3682 ·

255 3729 310 3806 Ut
327 3747 517 3807 conventus
534 3735 703 3829 generales
716 3733 807 3805 bene
823 3733 967 3818 cedant,
991 3727 1029 3801 dt
1046 3731 1154 3821 Regis
1166 3729 1350 3821 Pan-ireque
1364 3723 1431 3804 uti·

205 3825 312 3908 letes
364 3846 569 3918 octrrentur,
592 3829 692 3900 etiam
713 3841 816 3916 atque
833 3826 932 3894 etiam
950 3835 1047 3913 opto.

256 3923 310 3998 Re
359 3939 399 4015 t,
422 3921 631 4000 Reverendo
659 3915 781 3992 Praesul
804 3935 843 3990 ac
863 3917 1027 4006 Patrone,
1047 3927 1086 3988 ut
1105 3914 1307 4011 Amplitudo
1324 3919 1431 4000 vestm

209 4019 299 4094 bene
314 4021 443 4110 valeat,
466 4021 569 4112 seque
588 4014 685 4090 nobis
705 4035 744 4090 ac
766 4013 880 4110 patriae
898 4032 961 4106 per-
975 4011 1042 4087 Dei
1059 4011 1178 4107 optimi
1197 4013 1332 4090 maximi
1358 4037 1434 4114 gra.

210 4115 291 4186 tiam
315 4115 491 4208 diligenter
514 4111 702 4189 conservet
747 4109 882 4186 Madriti
900 4111 935 4184 6.
955 4109 1078 4205 Aprilis
1104 4113 1208 4206 1569.
1255 4113 1433 4190 Revereri·
1485 4171 1493 4186 .

213 4205 267 4282 dae
288 4207 528 4298 Amplitudinis
552 4209 668 4288 vestm
693 4207 911 4304 pnnffimos
933 4205 1075 4286 servitor
1096 4209 1311 4306 Joncriunus
1338 4213 1434 4284 llor-

213 4319 346 4382 nnnus.
783 4323 794 4334 ·

264 4394 329 4480 llis
351 4391 479 4496 scriptu
499 4351 549 4484 cd
563 4404 657 4484 lium
669 4397 776 4502 usque
792 4403 885 4484 diem
905 4399 1048 4482 urdsvit
1071 4401 1204 4498 cursor,
1228 4403 1274 4482 ob
1288 4400 1324 4478 id
1338 4395 1431 4493 quod
