3746 5142
441 453 518 540 rot
573 451 900 562 J‘OACHIMI
921 449 1202 536 H'OPPERI
1230 445 1575 536 EPI'STOLAE'

437 627 537 701 quam
560 627 650 679 nunc
672 604 762 678 aliud
784 603 861 697 agi,
884 623 984 695 quam
1008 619 1048 676 ut
1069 605 1164 678 brevi
1180 623 1269 676 nova
1284 603 1327 676 de
1346 602 1558 695 prosettione
1574 628 1651 727 nop-

437 719 483 775 tra
507 699 660 772 habeatis.
707 703 763 772 Ac
785 721 975 792 quanquam
998 703 1135 794 quidem
1159 700 1203 772 de
1226 703 1473 772 convocatione
1496 699 1620 778 Statuu

434 795 627 884 frequenter
648 795 761 868 aetum
780 797 828 870 est
845 850 858 886 ,
874 815 983 870 tamen
1000 819 1070 870 non
1088 795 1269 869 desrstimus
1286 795 1374 866 idem
1392 795 1491 905 apud
1516 797 1654 891 Regem

378 1037 382 1046 ,
432 889 1274 1079 tuitrirttttitutsttt’triam
1289 891 1654 1076 iiiiiieciiiiidi

432 1080 516 1154 scire
533 1103 572 1153 ac
600 1083 769 1156 confidere
789 1136 802 1170 ,
825 1105 880 1155 me
906 1084 1030 1155 nullam
1061 1098 1191 1174 partem
1216 1079 1349 1167 studii,
1377 1077 1508 1170 officii,
1529 1105 1650 1177 curae,

426 1175 553 1250 iaboris
568 1177 606 1250 δι
622 1179 760 1270 pictatia
769 1180 920 1271 denique
938 1179 1116 1263 omittere,
1133 1199 1203 1270 quo
1219 1176 1345 1248 miserae
1360 1175 1473 1248 Patriae
1495 1199 1650 1270 promea

433 1277 595 1347 tenuitate
618 1275 768 1366 prodesse
786 1277 929 1369 portin„
963 1273 1140 1366 Accipietn
1156 1289 1265 1344 autem
1283 1270 1361 1342 Deo
1380 1273 1515 1345 volente
1532 1276 1651 1352 brevis·

433 1369 514 1441 same
536 1391 653 1455 nova,
673 1372 709 1441 δι
726 1387 764 1440 ut
783 1373 878 1461 spero
897 1374 998 1444 bona.
1036 1371 1093 1443 De
1108 1366 1229 1438 Uxore
1246 1364 1320 1438 sane
1339 1368 1500 1456 gaudeo,
1527 1389 1651 1446 creato·

432 1463 527 1554 rique
545 1462 688 1534 summas
703 1467 819 1554 gratias
836 1485 913 1556 ago.
929 1481 948 1495 ·
959 1465 1057 1535 Plura
1087 1484 1157 1534 non
1175 1461 1297 1554 patitur
1315 1476 1448 1553 tempus
1466 1515 1479 1550 ,
1503 1464 1645 1559 ideoque

431 1557 467 1628 in
484 1559 668 1646 proximam
686 1562 893 1630 occasionem
912 1560 1037 1644 reliqua
1050 1557 1175 1647 rejicio.
1222 1555 1314 1626 Bene
1334 1558 1431 1644 vate,
1448 1559 1655 1636 Reverende

431 1651 565 1724 Praesul.
601 1651 740 1722 Madriti
771 1651 830 1724 28.
865 1651 1021 1726 octobris
1048 1651 1153 1740 1566.
1173 1652 1388 1724 Reverendae
1414 1655 1651 1748 Amplitudinir

431 1745 549 1820 uestrae
572 1744 788 1822 deditissimus
812 1745 949 1822 servitor
975 1747 1188 1842 Joncarmus
1214 1745 1424 1823 Horremus.

715 1928 1179 2014 EPISTOLA
1261 1929 1375 2013 XV.

484 2121 766 2230 Argumentum
786 2095 896 2232 hujus
919 2112 1113 2230 Episieie·
1128 2141 1203 2206 een
1226 2117 1379 2204 multem
1403 2116 1561 2231 ehfietile
1599 2120 1655 2210 ab

430 2229 665 2346 praecedenti.

431 2401 511 2671 ιδ.
535 2501 573 2576 Ρ’.
602 2499 804 2578 Reverende
822 2499 965 2592 P-raesul,
989 2499 1052 2592 jam
1077 2497 1183 2572 scriiio
1207 2500 1340 2576 tertium
1368 2515 1460 2575 extra
1484 2503 1665 2580 ordinem.-

471 2621 492 2669 O

493 2621 516 2669 n
535 2597 694 2692 quidem,
718 2596 813 2691 quod
829 2602 971 2674 muitum
994 2598 1135 2668 habeam
1152 2599 1246 2688 quod
1261 2597 1312 2670 his
1328 2597 1451 2686 literis,
1467 2601 1512 2672 de
1527 2602 1656 2692 quibus-

430 2709 496 2765 tarn
514 2695 674 2768 incertum
689 2695 739 2768 est
755 2693 838 2787 quid
852 2693 924 2770 fieri
944 2690 1282 2788 possit,committere
1293 2695 1394 2768 veiim
1411 2711 1469 2766 aut
1485 2697 1652 2786 audeam

430 2787 487 2860 sed
504 2814 546 2863 ne
574 2812 674 2882 quam
700 2793 952 2886 praetermittam
975 2787 1182 2862 occasionem·
1205 2787 1306 2862 officii
1330 2789 1535 2882 praestandi,
1564 2812 1648 2882 qua·

430 2899 528 2957 tenus
546 2907 680 2978 queam.
728 2891 853 2961 Sumus
876 2887 931 2979 hic
953 2887 987 2958 in
1020 2883 1147 2957 summa
1175 2893 1286 2959 rerum·
1317 2887 1466 2958 omnium
1491 2886 1647 2978 experta,

430 2979 521 3052 tione
549 3003 657 3074 ,quae
675 2981 724 3052 aci
740 2979 984 3073 profeoionen
1005 2979 1113 3074 Regis
1139 2981 1309 3070 pertinent
1334 3004 1347 3072 3
1371 2981 1414 3054 de
1434 2978 1525 3071 cuius
1547 2981 1601 3053 die
1634 3035 1647 3069 ,

429 3075 577 3165 itinere,
596 3090 785 3168 apparatu,
813 3076 850 3146 ἀ
877 3075 1042 3167 reliquis,
1069 3075 1164 3148 breui
1187 3075 1309 3150 erimus
1333 3078 1519 3166 certiores,
1544 3097 1648 3171 quatr-

429 3184 502 3241 tum
522 3170 698 3260 speramus.
746 3171 835 3244 Dico
850 3189 992 3258 autem,
1014 3171 1210 3266 speramus:
1238 3172 1313 3266 quia
1336 3193 1415 3244 cum
1440 3190 1557 3246 caetera
1585 3195 1656 3265 pet

428 3262 497 3336 Dei
517 3265 650 3355 gratiam
669 3266 761 3355 apud
782 3287 846 3338 nos
863 3269 952 3340 reete
970 3267 1047 3339 sunt
1064 3318 1077 3354 ,
1092 3265 1174 3338 nihil
1193 3285 1254 3340 nos
1272 3269 1375 3362 magis
1391 3268 1528 3362 affligit,
1545 3275 1646 3360 quim

429 3361 502 3432 haec
527 3379 620 3431 mora
649 3357 686 3430 δι
712 3359 841 3434 diutina
864 3361 1082 3455 expromere,
1116 3363 1242 3434 tametsi
1272 3364 1336 3436 virt·
1361 3365 1451 3438 diem
1482 3365 1645 3458 preterire

428 3454 608 3543 sanamus,
647 3476 719 3547 quo
763 3475 835 3529 non
875 3460 931 3529 vel
973 3476 1126 3546 coram,
1161 3457 1219 3529 uel
1259 3479 1319 3550 pet
1350 3461 1487 3546 literas,
1527 3460 1561 3530 id
1595 3459 1646 3532 sa·

429 3551 554 3625 ciamus
581 3551 677 3644 quod
699 3568 833 3643 oportet
863 3573 874 3623 t
905 3554 1097 3648 rogando,
1136 3553 1344 3627 exhortando
1376 3607 1388 3644 ,
1422 3555 1645 3629 obtundendo

429 3649 589 3742 denique.
647 3647 736 3746 Quae
766 3648 878 3720 omnia
900 3651 940 3723 in
966 3649 1125 3744 optimam
1147 3665 1273 3742 partem
1299 3651 1379 3724 Rex
1405 3652 1554 3744 accipit3
1588 3651 1645 3725 sed

429 3745 511 3818 nihii
537 3765 779 3839 promovemus
801 3745 961 3821 haetenus
983 3797 996 3835 ,
1021 3747 1095 3818 nisa.
1109 3747 1201 3838 quod
1224 3745 1316 3818 brevi
1349 3747 1382 3818 se
1404 3747 1508 3819 finem
1537 3745 1647 3819 fatena

428 3860 505 3910 rum
523 3837 584 3928 iam
602 3842 702 3913 toties
720 3843 896 3936 respondit.
946 3841 1025 3914 Scio
1046 3844 1185 3936 quidem
1202 3839 1319 3914 sedulo
1334 3841 1391 3914 hic
1407 3843 1519 3916 omnia
1534 3843 1587 3934 agi
1604 3861 1644 3913 ac

428 3935 595 4022 provideri
615 3957 628 4022 3
654 3959 718 4008 nec
738 3939 922 4029 quidquam
938 3938 1045 4008 omitti
1062 3990 1073 4026 ,
1091 3939 1185 4030 quod
1208 3937 1250 4008 ad
1274 3937 1515 4030 profemonem
1546 3938 1643 4008 ador-

429 4027 572 4096 nandam
597 4049 636 4096 ac
658 4031 882 4103 instruendam
898 4032 1053 4120 pertinet.
1099 4035 1166 4103 Sed
1188 4033 1318 4104 interest
1342 4033 1579 4126 Reipublicae,
1603 4053 1643 4105 ae

429 4119 571 4194 maxime
587 4123 725 4210 quidem
751 4123 785 4194 in
805 4139 893 4194 tanta
918 4123 1092 4196 Bonorum
1122 4127 1191 4198 istic
1217 4127 1477 4219 experiarione,
1498 4127 1644 4220 &quo

428 4213 579 4291 rumdam
609 4213 871 4305 desperatione,
904 4233 942 4289 ut
968 4219 1102 4313 publice
1127 4219 1258 4294 sciatur.
1313 4225 1431 4300 Deum
1458 4237 1586 4316 orout
1609 4222 1652 4297 id:

428 4317 534 4408 quam
555 4311 700 4407 primum
717 4311 788 4388 sieri
808 4310 919 4408 ροίΐιτ,
