3736 5142
426 459 512 558 aot·
567 418 869 583 tonantur
895 433 1182 546 narrant
1207 449 1565 552 nursrorm·

426 620 830 715 telislisimpedimentis,
852 613 1176 710 inediacompulsus
1200 613 1397 691 discessisset.
1444 617 1514 692 Sed
1532 637 1647 714 nequa

425 723 578 808 avob'ts,
611 739 723 810 neque
740 715 782 791 ab
800 702 944 788 Oratore
960 713 1075 786 nolho
1093 713 1129 786 in
1144 711 1276 804 Gallia,
1299 714 1335 786 id
1352 713 1465 789 adhuc
1488 715 1649 794 audimus

426 817 627 891 confirmari.
1485 817 1487 824 ⁴

470 911 526 984 De
544 909 748 984 Archiducis
764 905 914 982 adventu
930 903 1039 998 scripsi
1054 904 1274 1001 superioribus
1289 901 1404 980 literis.
1452 905 1534 981 Post
1552 927 1647 984 cont·

422 1008 609 1080 manicavit
634 1005 731 1079 nobis
745 1007 826 1078 Rex
854 1001 1007 1075 mandata
1024 1003 1062 1077 dt
1076 1001 1328 1076 instructionem
1349 1001 1471 1094 ipsius,
1493 1003 1648 1099 jussitque

420 1101 670 1196 responslonem
701 1099 908 1196 concipere,
939 1095 1033 1192 quod
1060 1098 1235 1173 fecimus·
1264 1097 1404 1169 Summa
1426 1099 1504 1171 -huc
1534 1103 1649 1192 redit,

380 1225 383 1240 ¹
422 1202 521 1292 quod
540 1201 723 1295 Imperator
737 1213 862 1271 marato
877 1193 1098 1278 offensionem
1111 1194 1300 1274 tomorum
1318 1193 1385 1266 elle
1404 1190 1448 1265 ait
1466 1213 1527 1287 pet
1546 1211 1653 1270 totam

423 1295 663 1393 Germaniam,
694 1312 761 1394 pam
778 1291 976 1368 Eledorum
1001 1313 1040 1366 ac
1065 1292 1285 1384 Principum,
1316 1307 1415 1378 quam
1440 1289 1654 1380 privatorum

422 1389 622 1480 hominum,
645 1407 706 1478 ut,
729 1391 789 1462 nili
806 1390 914 1461 celere
934 1387 1120 1458 remedium
1140 1383 1358 1468 adhrueatur,
1380 1395 1529 1456 extrema
1552 1387 1654 1462 nobis

421 1595 759 1762 dareddderecRelgiam
775 1595 1094 1775 Malieslatt’rmoquid
1121 1665 1183 1758 ipfi
1210 1664 1250 1752 fit
1274 1595 1476 1740 faciendume
1494 1621 1656 1767 :Q’uare

419 1767 616 1864 postulare,
647 1764 794 1858 primum
817 1775 857 1832 ut
885 1759 1028 1832 inductae
1052 1757 1134 1832 fiant
1158 1761 1246 1830 inter
1263 1757 1395 1832 Ducem
1414 1762 1587 1837 Albanum
1611 1767 1657 1841 du

423 1862 643 1962 Orangium3
670 1875 745 1932 tum
762 1869 802 1928 ut
826 1872 918 1926 nova
942 1851 1064 1940 forma¹
1108 1852 1284 1929 aberuandi
1300 1869 1473 1942 mutetur,
1497 1858 1536 1931 de
1555 1861 1659 1938 mlloa

422 1955 594 2052 Hispanus
618 1965 836 2038 amoveatur,
859 1948 901 2020 dt
924 1949 1014 2041 rig'or
1039 1945 1073 2038 iu
1102 1946 1170 2021 'tiae
1185 1950 1292 2021 ‘cesset
1315 1971 1325 2022 r
1351 1947 1554 2045 ostendens,
1578 1971 1668 2034 non·
1779 1941 1783 1952 '

422 2057 567 2130 alienum
595 2049 655 2123 fibi
681 2045 790 2122 videri
816 2057 855 2117 ut
884 2043 1069 2116 secundum
1091 2033 1208 2117 foedus
1235 2046 1368 2138 lanperii
1396 2045 1441 2118 de
1469 2048 1654 2146 Religione

423 2152 516 2243 apud
544 2147 666 2241 Belgas
694 2143 838 2218 vivatur.
860 2137 965 2250 ‘Poll
982 2152 1034 2226 ¹ut
1055 2141 1362 2217 reconciliationem
1386 2135 1526 2238 Orangii
1551 2147 1654 2225 botrin

423 2243 672 2334 conditionisve
685 2237 953 2324 Rex-admittat,
976 2247 1122 2328 eamque*
1136 2237 1346 2318 immensum
1358 2239 1565 2333 Imperatoris
1584 2264 1654 2338 po-

424 2357 504 2431 nat,
520 2343 579 2434 qui
596 2336 726 2413 curabit
746 2355 791 2408 ne
809 2331 1043 2406 existimationi
1058 2331 1164 2424 Regis
1181 2334 1363 2428 quidquam
1380 2335 1521 2420 decedat
1541 2359 1552 2410 ε
1575 2341 1653 2434 his,

425 2437 463 2512 du
482 2437 638 2518 nonalils
654 2430 924 2528 conditionibus,
945 2427 990 2501 ad
1003 2429 1270 2523 tranquillitatem
1286 2453 1359 2504 reto
1374 2430 1623 2525 polle-'deduci

470 2533 509 2606 ln
525 2532 737 2626 responsione
754 2521 1028 2618 notua-primum
1046 2526 1228 2615 docemus,
1241 2525 1332 2602 suam
1345 2527 1551 2620 Maiestatem
1569 2529 1648 2607 Cae·

424 2629 549 2705 lateam
566 2629 653 2702 male
667 2625 881 2702 infomratam
897 2622 965 2695 esse
988 2639 1057 2696 tam
1078 2622 1123 2696 de
1139 2621 1231 2697 fado
1272 2645 1350 2697 uam
1368 2625 1412 2696 de
1427 2623 1526 2720 jure,
1553 2631 1650 2721 quod

423 2726 609 2820 provinciis
634 2719 846 2798 inferioribus
864 2719 943 2792 c'um
967 2715 1114 2814 Imperio
1139 2717 1202 2795 est.
1285 2721 1384 2794 einde
1408 2717 1656 2817 respondemur

311 2853 319 2862 ·
423 2823 467 2895 ad
494 2822 639 2921 singulos
663 2819 855 2906 articulos,
887 2815 925 2889 da
947 2813 1154 2890 ostendimus
1179 2837 1334 2911 quanam
1361 2817 1411 2890 rei
1428 2822 1468 2894 fit
1497 2821 1650 2912 veritas3

343 2931 346 2938 ’
450 2917 520 3012 ost,
544 2921 588 2994 ad
614 2917 777 3012 postulata
807 2910 1007 3002 venientes,
1038 2911 1178 2987 dicimus
1210 2933 1255 2985 ex
1280 2912 1524 3010 suprascriptis,
1552 2915 1645 2990 suam

471 3013 632 3107 viellarenr
653 3013 835 3088 eamean
857 3007 932 3084 satis
952 3009 1158 3104 intelligere,
1179 3013 1283 3104 quam
1310 3031 1446 3084 cacum
1461 3010 1587 3086 ratione
1606 3011 1644 3086 dt

423 3105 498 3204 jure
523 3133 594 3185 non
612 3111 689 3184 sunt
709 3108 954 3200 consentanea3
976 3105 1015 3182 dt
1027 3105 1106 3180 ideo
1121 3105 1250 3200 sperare
1266 3107 1413 3180 daturam
1432 3103 1534 3199 ipsam
1558 3125 1652 3200 ope<

423 3223 521 3292 rana,
542 3223 584 3275 ut
604 3205 714 3278 otnnis
734 3205 876 3278 offensio
895 3203 933 3275 dt
950 3203 1006 3276 vis
1021 3203 1133 3276 cesset.
1181 3201 1269 3275 Etfi
1286 3202 1368 3293 quid
1383 3202 1477 3274 secus
1501 3197 1583 3290 sue,
1606 3201 1643 3277 id

423 3319 496 3373 non
514 3298 593 3392 juris
612 3300 688 3372 sore
704 3298 764 3371 sed
777 3297 868 3372 sacti
891 3297 1081 3395 Responsio
1097 3296 1161 3387 iam
1178 3295 1227 3370 est
1243 3297 1278 3368 in
1293 3297 1445 3371 manibus
1461 3295 1594 3391 Regis,
1606 3299 1645 3378 dt

422 3411 510 3487 puto
529 3392 625 3467 brevi
639 3393 736 3481 fore,
759 3392 853 3467 utin
876 3389 1030 3466 confilio
1047 3394 1160 3468 sunu
1180 3393 1443 3491 Secreto-(nan
1459 3391 1517 3466 lu'c
1533 3395 1648 3470 diver·

422 3487 494 3564 sum
511 3488 561 3564 est
583 3487 625 3562 ab
648 3485 784 3580 altero)
805 3486 905 3560 nobis
927 3489 1167 3581 presentiens,
1188 3511 1230 3564 ea
1253 3491 1297 3565 de
1322 3511 1360 3564 re
1383 3487 1554 3565 tradetur.
1602 3489 1653 3566 Et

137 3617 152 3628 -
273 3675 278 3682 Ι
423 3583 571 3681 suspicor
587 3585 662 3660 fore
678 3601 718 3658 ut
737 3582 838 3658 etiam
854 3581 1080 3662 illustrissmaus
1098 3586 1185 3662 Dux
1203 3607 1244 3661 ea
1255 3587 1301 3663 de
1317 3607 1354 3660 re
1372 3586 1653 3674 consulatuum·

296 3757 299 3766 ,
423 3683 531 3777 sliam
557 3683 597 3758 s1t
619 3681 748 3758 sadum
772 3701 783 3754 a
807 3701 885 3755 nam
904 3680 989 3758 Rex
1015 3683 1163 3759 ostendit
1183 3683 1217 3760 se
1245 3703 1426 3778 properare
1454 3701 1493 3754 ut
1506 3683 1645 3777 respon-

423 3777 512 3856 deat.
559 3781 640 3856 Nec
661 3779 737 3856 satis
755 3799 848 3877 queo
866 3779 1052 3877 intelligere
1076 3778 1206 3865 serione
1231 3780 1304 3853 lraec
1325 3797 1495 3874 propmaat
1512 3777 1652 3871 Caesar,

423 3893 467 3946 an
492 3895 530 3947 ut
554 3877 768 3955 Elestoribus
790 3880 829 3953 du
854 3879 923 3952 aliis
941 3876 1109 3954 satifaciat.
1144 3876 1236 3950 Nam
1253 3875 1380 3970 siquid
1405 3874 1532 3974 (quod
1546 3873 1646 3952 Deus

421 3969 630 4064 proldbeat)
651 3975 739 4046 inter
755 3977 893 4064 Regem
917 3973 956 4043 dt
973 3973 1083 4067 ipsum
1100 3971 1296 4046 offensionis
1310 3973 1475 4059 oriretur,
1506 3969 1574 4063 jam
1598 3971 1642 4043 de

422 4063 502 4149 illo,
526 4063 563 4132 dt
584 4083 659 4138 toto
677 4065 852 4162 splendore
867 4067 1000 4139 Domus
1017 4067 1201 4164 Aulhiacae
1216 4069 1252 4141 in
1269 4067 1469 4159 Germana,
1489 4064 1572 4138 esset
1589 4073 1652 4138 ac-'

423 4176 507 4232 tum.
542 4155 662 4327 dQuod
684 4159 782 4232 multi
808 4175 949 4251 optant,
975 4159 1013 4234 dt
1039 4160 1085 4234 ob
1106 4161 1143 4236 id
1164 4163 1299 4242 fortasse
1318 4165 1484 4238 &sermo
1505 4163 1550 4238 ad
1571 4162 1649 4237 haec

424 4272 542 4354 protru
564 4271 638 4336 unt.
1064 4287 1067 4294 ·
1650 4269 1654 4278 '

470 4353 561 4433 Sunt
584 4341 806 4436 hebdomada
827 4350 976 4453 quinque
998 4371 1058 4437 aut
1088 4356 1170 4456 sex,
1200 4361 1279 4460 plus
1299 4306 1444 4452 miuus}
1470 4353 1651 4544 ffldsg:
