3736 5142
231 469 236 475 ·
273 437 609 562 ADlllGllUM
631 429 1286 554 rnAYTTazurcltllMtlm
1349 477 1436 568 v271

208 665 212 676 ,
262 593 347 668 Dies
375 591 438 684 iarn
461 590 536 664 sunt
555 589 749 683 quindecim
767 591 861 682 quod
878 590 912 662 in
930 590 993 662 hac
1012 592 1096 664 urbe
1115 594 1253 687 sumus,
1276 625 1351 696 quae
1368 611 1441 686 Re.

218 690 303 785 giam
326 689 530 781 Maiestatem
555 685 808 759 luculentiffime
826 686 978 778 accepit3
1004 687 1040 759 &
1058 689 1184 780 nostri,
1207 698 1266 787 qui
1289 703 1343 774 lale
1361 707 1440 786 sunt

215 801 413 860 mercatores
424 838 442 874 ,‚
473 784 639 876 peramlce
665 805 719 855 me
745 781 895 856 trastant.
947 782 1023 855 Hic
1048 783 1148 858 noete
1174 791 1280 888 (nam
1305 799 1358 871 die
1376 826 1439 896 per

217 884 330 956 aestum
358 903 427 954 non
451 881 554 970 licet)
574 879 649 952 Rex
664 880 749 966 abit,
773 899 908 972 egoque
921 900 1024 967 mox,
1048 881 1126 954 Deo
1146 890 1303 980 volente,
1328 895 1438 973 subse-

217 1000 329 1072 quar,
361 993 398 1050 ut
421 977 464 1048 ad
480 975 617 1048 Festum
636 973 846 1048 Venerabilis
871 977 1073 1050 Sacnmene
1099 981 1269 1058 Cordubae
1291 993 1436 1072 reduces

218 1073 342 1162 smrus,
373 1073 465 1145 unde
492 1093 573 1142 mox
598 1071 760 1165 Jaeunam
778 1070 986 1162 cogitamus,
1008 1073 1154 1169 indeque
1174 1080 1354 1178 ubedam,
1376 1094 1435 1170 ubi
1529 1145 1531 1154 Α

217 1170 459 1261 aliquantulum
483 1165 709 1258 subsistemus,
742 1171 853 1243 donec
877 1187 931 1240 res
956 1171 1188 1266 Grumtenfim
1211 1194 1269 1249 aut
1287 1185 1438 1268 absolve.

219 1279 378 1350 tttr‚,aut
398 1265 442 1335 ita
467 1263 706 1352 constituatur,
729 1281 769 1336 ut
794 1265 888 1336 brevl
913 1263 1038 1337 absolvi
1057 1269 1173 1361 poffit3
1195 1277 1289 1366 quod
1309 1285 1435 1362 utinam

219 1357 317 1432 Deus
338 1357 428 1432 faxit.
475 1359 639 1432 Extremo
660 1376 770 1432 autem
786 1359 891 1456 Junio
904 1360 1086 1462 Madn'ttrm
1104 1387 1165 1439 nos
1183 1372 1347 1450 redituros
1363 1381 1436 1473 spe-

218 1473 350 1544 ramus;
375 1457 434 1545 &,
456 1454 559 1550 saper
576 1459 748 1529 Oceanum
765 1458 897 1550 Regina
913 1458 1251 1554 venit‚Valissetum‚
1274 1487 1331 1545 aut
1349 1475 1434 1554 Bur·

217 1569 280 1644 gos
292 1553 420 1646 usque,
441 1552 575 1626 obviam
592 1553 638 1626 illi
655 1551 787 1628 fortasse
805 1554 1023 1646 prodibimus.
1071 1557 1119 1630 lta
1137 1579 1243 1636 totum
1266 1567 1359 1644 hunc
1377 1597 1435 1650 an·

217 1649 353 1721 nomin
372 1651 620 1724 continentibus
639 1651 964 1746 peregrinationibus
982 1653 1209 1749 tmnfigemost

262 1742 464 1840 Quanquam
478 1745 662 1820 secundum
685 1771 756 1833 ea,
779 1769 855 1838 quae
877 1767 984 1838 nuper
1010 1749 1204 1845 scripsistis,
1226 1781 1368 1840 uxorem
1395 1789 1435 1844 ac

215 1836 336 1910 liberos
350 1838 413 1928 iam
436 1841 471 1909 in
487 1841 600 1908 itinere
620 1841 685 1908 else
705 1891 718 1925 ,
741 1842 798 1908 vel
816 1848 914 1908 etlam
929 1843 963 1909 in
983 1840 1171 1932 Hispaniam
1184 1861 1341 1943 appulisse
1360 1864 1434 1953 spe.

214 1954 287 2006 rem
308 1981 321 2016 ‚
343 1949 456 2002 tamen
470 1951 515 2001 ne
536 1929 621 2021 quid
640 1931 743 2002 officii
757 1931 929 2005 omittatur
948 1981 961 2016 ‚
983 1932 1060 2010 dedi
1082 1939 1125 2008 ad
1151 1963 1225 2014 cam
1249 1949 1356 2024 literas
1383 1958 1435 2032 hia

214 2025 346 2118 junsias
365 2047 379 2115 3
400 2045 510 2118 quas,
532 2023 580 2114 fi,
603 2027 697 2116 quod
715 2025 842 2119 spero,
863 2025 1005 2114 abierit,
1028 2034 1228 2123 Amplitudo
1252 2043 1358 2120 vestra
1376 2069 1437 2127 aut

217 2123 252 2196 in
277 2123 390 2214 ignem
419 2119 611 2214 conjicere,
641 2141 718 2194 narn
742 2123 824 2194 nihil
848 2145 977 2217 magnae
1001 2129 1049 2202 tei
1076 2133 1279 2226 continent,
1309 2143 1368 2216 nist
1397 2166 1436 2221 ut

216 2219 357 2291 omnino
381 2217 523 2291 veniat:
547 2235 606 2288 aut
624 2217 693 2288 huc
721 2221 890 2292 remittere
917 2224 1050 2312 poterit.
1099 2225 1192 2300 Bene
1215 2227 1325 2310 valeat
1350 2247 1434 2317 Am-

214 2313 348 2406 plitudo
363 2312 472 2388 vestra
492 2363 503 2399 ‚
529 2313 565 2385 &
584 2313 616 2388 se
629 2313 727 2386 nobis
744 2321 848 2407 quam
871 2315 1046 2394 diunffine
1059 2325 1247 2401 conservet.
1291 2391 1297 2397 i

263 2410 463 2482 Folcatdum
482 2410 525 2482 ad
548 2410 637 2484 diem
658 2432 765 2484 unum
782 2429 838 2486 aut
859 2416 998 2502 alterum
1024 2421 1097 2492 haec
1119 2421 1233 2496 Betica
1259 2435 1435 2528 tentavit3

216 2505 275 2579 sed
292 2526 383 2580 nunc
409 2505 582 2580 restilsrme
609 2510 707 2580 valet.
754 2509 811 2583 De
836 2509 1002 2602 lgr-ammo
1027 2513 1210 2593 secundum
1232 2541 1343 2614 optata
1364 2529 1434 2604 fac.

216 2617 290 2672 tum
315 2601 375 2674 est.
422 2603 461 2672 ln
476 2601 547 2695 ejus
563 2605 677 2676 locum
693 2604 794 2678 velim
820 2605 1013 2700 Sabinum,
1045 2613 1133 2686 Petri
1157 2615 1319 2711 Buygerii
1342 2629 1433 2702 vitri-

216 2718 326 2783 cum,
350 2695 482 2774 affinem
506 2697 676 2790 uuiusque
700 2700 878 2792 nostrum,
901 2705 1089 2780 succedere.
1120 2711 1197 2784 Sive
1214 2717 1304 2786 enim
1330 2722 1435 2800 vitam

218 2793 254 2867 δι
277 2813 424 2882 mores,
455 2793 524 2868 five
555 2796 779 2870 eruditionem
808 2799 962 2892 spectes,
995 2803 1114 2897 dignus
1139 2806 1214 2884 sane
1244 2809 1321 2900 est,
1354 2839 1434 2894 meo

216 2890 300 2978 quid
317 2887 472 2980 judicio,
495 2893 550 2964 cui
565 2893 652 2968 bene
671 2893 738 2968 fiat.
784 2895 899 2988 ltaque
914 2897 957 2970 ad
982 2898 1050 2972 hoc
1067 2901 1247 2981 adlaborari
1269 2910 1366 2984 etiam
1384 2933 1433 2989 at·

216 3004 284 3076 que
303 2986 401 3058 etiam
416 3007 585 3078 cuperem.
627 2967 769 3083 Raptim
792 2993 919 3084 Hispali
946 2996 1001 3069 16.
1026 2997 1110 3072 Maii
1132 3020 1235 3096 1570.
1259 3004 1434 3084 Reveren-

215 3079 268 3154 dae
296 3082 535 3175 Amplitudinis
561 3083 675 3159 vestrae
704 3087 916 3181 puatillimus
943 3091 1082 3169 servitor
1105 3095 1315 3192 Joactnnrus
1339 3097 1435 3182 Hor«

212 3195 338 3252 nouus.
481 3226 484 3234 -
950 3206 956 3220 ·

368 3343 1286 3454 Ellsuonnlxxxxv.

271 3513 387 3600 Ano.
417 3513 489 3599 De
509 3513 657 3604 decime
684 3520 891 3748 Velil'igalis
918 3526 1180 3638 incommodis,
1215 3564 1296 3625 cum
1322 3541 1434 3656 Rege

213 3619 342 3711 allum
374 3625 548 3714 Miliare
571 3631 743 3745 cerastim,
775 3663 787 3720 l
806 3638 916 3723 unius
940 3643 1064 3753 Regis
1083 3645 1270 3744 arbitrio,
1288 3652 1339 3752 &i
1355 3679 1431 3738 non

213 3737 340 3824 Ducis
360 3736 508 3826 Albani
533 3799 548 3838 ,
581 3771 643 3828 res
670 3765 765 3830 tran
784 3767 965 3855 ageretur.
1021 3751 1178 3861 Viglius
1199 3756 1239 3836 io
1267 3759 1431 3872 Collegit

203 3847 277 3960 fito
303 3849 535 4047 Levanimss
553 3851 712 3936 vitream
762 3851 947 3962 mestre-m
967 3858 1091 3970 Regis
1110 3862 1284 3976 Philippi
1296 3867 1432 3956 honori

204 3959 319 4048 soter.
355 3961 529 4082 Querea
552 3961 728 4075 Repperi
743 3964 841 4080 quod
863 3967 902 4051 in
928 3991 1073 4055 reorum
1093 3971 1214 4088 cauffo
1239 3979 1430 4094 Hispani-

213 4073 269 4154 ois
288 4075 446 4188 confiliit
469 4074 592 4160 omnio
616 4097 805 4189 regantur
822 4101 838 4176 ‚·
857 4075 1063 4198 sttbdilque
1081 4113 1089 4170 :
1108 4087 1178 4174 hie
1198 4113 1429 4210 numquam

206 4203 468 4295 ¹quemquam
493 4187 728 4276 absolutum
765 4193 897 4278 audio
924 4220 936 4298 3
963 4197 1102 4312 judice
1129 4202 1305 4293 honoris
1333 4209 1427 4308 sui,

212 4295 392 4409 nequid
420 4300 579 4387 temere
601 4299 735 4390 secisse
762 4305 1004 4414 uideatur,
1034 4315 1161 4422 quem
1181 4319 1427 4408 meritorum
