3746 5142
384 585 421 632 Ὺ
478 600 566 690 nno
613 591 917 711 Jonontmr
945 589 1233 684 nunaunt
1261 593 1578 716 nuntronn

474 775 513 834 to
535 755 634 852 post,
666 775 744 827 cum
765 753 915 827 illustriss.
933 751 1077 825 Docilia
1104 753 1204 826 literis
1229 777 1275 827 ex
1298 756 1539 849 Luxemburgo
1559 757 1701 835 reddin

475 853 625 928 suerunt.
673 853 730 924 Ad
748 866 880 924 neutras
898 871 990 922 nunc
1009 849 1241 942 respondebo,
1264 853 1423 943 quoniam
1440 855 1476 924 in
1500 853 1567 926 hoc
1584 853 1700 930 suman

320 950 323 956 '
474 965 513 1020 ut
534 947 700 1023 cursorem
718 948 912 1036 mittamus3
935 946 1019 1038 qui,
1042 948 1103 1020 nifi
1124 948 1314 1022 moratica
1333 949 1455 1042 Rege,
1478 949 1539 1040 qui
1561 971 1581 1021 a
1600 953 1699 1026 vobis

357 1075 360 1083 =
472 1043 585 1119 nescio
601 1045 686 1137 quid
704 1043 893 1137 exspedtare
911 1042 1069 1134 vident,
1090 1042 1172 1134 har,
1194 1059 1357 1138 utputo,
1379 1059 1570 1118 antevertet.
1619 1047 1696 1141 Jam

472 1156 584 1218 autem
600 1142 678 1236 quia
698 1141 843 1232 Coquus
860 1161 957 1213 meus
976 1141 1099 1214 advos
1119 1141 1170 1229 it,
1193 1139 1251 1212 cui
1267 1155 1409 1232 quatuor
1421 1142 1583 1214 mensium
1601 1163 1698 1216 com·

474 1254 622 1312 meatum
638 1237 741 1327 dedi,
764 1237 858 1311 nolui
871 1237 968 1310 illum
983 1257 1129 1310 vacnum
1147 1239 1215 1310 line
1231 1239 1313 1310 meis
1330 1236 1428 1309 literis
1445 1236 1568 1310 venire.

518 1335 575 1409 De
593 1335 747 1428 Negatio
767 1334 906 1428 Amplit.
926 1337 981 1409 V²
1008 1331 1139 1427 Regem
1166 1331 1273 1426 ipsum
1289 1352 1350 1425 per
1366 1332 1474 1404 literas
1490 1334 1596 1429 (nam
1618 1335 1697 1409 abe·

472 1445 522 1501 rat
543 1447 616 1501 tum
645 1431 680 1501 in
704 1431 842 1522 Pardo)
865 1429 1078 1520 compellavi.
1126 1429 1197 1524 Qui
1221 1425 1400 1518 postquam
1423 1445 1545 1518 praeter
1566 1449 1695 1505 morem

472 1523 601 1596 diutule
625 1525 896 1608 caeremonia,
919 1524 1055 1596 tandem
1079 1521 1250 1612 respondit
1272 1519 1502 1614 perbenigne,
1527 1524 1564 1597 dc
1580 1541 1618 1597 ut
1637 1547 1698 1621 pet

470 1617 547 1689 alias
566 1637 657 1688 meas
674 1615 830 1708 epistolas
846 1617 988 1706 Amplit.
1006 1617 1052 1686 V.
1072 1614 1248 1708 intelliget.
1295 1613 1434 1686 Tradidi
1454 1621 1554 1692 etiam
1573 1623 1700 1697 vestras

386 1735 395 1744 ·
468 1713 603 1800 literar,
626 1731 704 1783 nam
728 1714 770 1784 im
798 1710 939 1784 omnino
962 1707 1141 1783 videbatur
1161 1709 1365 1798 convenire,
1398 1729 1576 1803 propterea
1601 1719 1701 1810 quod

469 1827 549 1882 cum
564 1809 605 1880 iis
621 1827 697 1898 quae
717 1807 810 1899 prius
833 1825 966 1897 egeram
981 1805 1242 1878 conveniebant.
1288 1805 1443 1878 Libenter
1461 1829 1517 1880 ear
1536 1810 1616 1883 Rex
1648 1835 1702 1887 ac-

471 1903 562 1996 cepit
586 1901 622 1975 ec
640 1901 744 1994 legit,
769 1899 1009 1994 &responsum
1025 1898 1288 1992 adornariiuffit.
1333 1899 1469 1976 Summa
1494 1905 1560 1976 buc
1585 1911 1704 2000 redit,

472 2016 511 2073 ut
530 1995 713 2070 militonem
731 1997 949 2070 honorificam
966 1996 1106 2068 omnino
1124 1996 1238 2070 deberi
1252 1993 1427 2072 existimet.
1473 1998 1542 2072 Sed
1563 2019 1702 2095 optaret

472 2093 743 2187 Amplitudinem
768 2092 911 2166 vestram
936 2092 1008 2165 istic
1036 2096 1323 2181 mane1·e,donec
1349 2093 1551 2187 Respublica
1574 2101 1701 2173 melius

472 2191 621 2264 ordinata
637 2189 679 2264 nt
696 2211 736 2262 ac
754 2187 931 2261 constituta
951 2210 961 2258 ι
980 2188 1124 2276 addens,
1140 2189 1173 2262 se
1189 2191 1232 2262 ad
1247 2189 1382 2262 Ducem
1400 2191 1676 2283 perscripturum.

519 2287 663 2384 Jansenii
675 2287 850 2379 negotium
871 2285 927 2378 egi
946 2284 1146 2378 diligentem
1169 2284 1286 2380 estque
1302 2305 1355 2356 tes
1371 2305 1415 2356 eo
1433 2288 1512 2359 loco
1529 2303 1568 2360 nt
1581 2293 1697 2365 melin
1842 2369 1843 2382 Ν

470 2403 506 2458 re
525 2386 589 2458 else
605 2405 676 2457 non
688 2385 806 2476 posset.
853 2382 945 2455 Nam
963 2401 1041 2452 cum
1059 2381 1216 2454 omnbus
1237 2381 1471 2454 Ecclesiasb'n‘s
1493 2383 1697 2477 plurimum,
1842 2441 1843 2460 .

470 2477 884 2650 {exellentius
904 2475 1105 2665 liniet
1121 2477 1695 2668 tetensteten?
1842 2487 1843 2554 ³

768 2627 781 2663 2
1240 2628 1253 2664 ν
1448 2628 1459 2658 n
1661 2632 1671 2653 ι

517 2673 575 2748 De
599 2671 810 2766 profectione
834 2691 950 2744 omnes
972 2670 1142 2762 quidem,
1174 2673 1314 2744 maxime
1341 2669 1482 2764 Hispani
1504 2672 1590 2745 male
1620 2675 1694 2768 spe·
1839 2667 1842 2770 j

469 2785 566 2860 rant3
588 2769 646 2844 sed
671 2771 750 2844 Rex
767 2765 887 2862 perstat
913 2767 948 2838 in
973 2766 1154 2856 sententia,
1178 2769 1215 2838 de
1240 2767 1299 2859 qui
1324 2769 1480 2859 proxime
1498 2766 1585 2840 circa
1613 2791 1691 2844 eunt
1719 2793 1733 2815 =¹

469 2863 555 2940 sunt.
605 2865 721 2939 Clallis
738 2865 783 2940 ad
801 2863 964 2938 decimam
987 2863 1138 2956 quintam
1155 2864 1280 2956 Aprilis
1295 2863 1404 2936 adesse
1418 2861 1500 2956 iuna
1515 2863 1575 2938 est.
1602 2865 1671 2962 Qo'

469 2961 593 3036 deinde
609 2963 687 3050 liet,
703 2960 912 3035 videbimus.
944 2959 1015 3054 Qui
1033 2960 1177 3031 maxime
1195 2959 1289 3034 itioni
1307 2958 1445 3048 favent,
1467 2959 1551 3030 circa
1568 2960 1689 3036 Nona

467 3074 525 3130 aut
548 3057 629 3131 Idus
645 3057 728 3156 Julii
749 3055 988 3131 conscensuros
1012 3075 1134 3128 navem
1163 3077 1224 3128 nor
1250 3072 1381 3149 putant.
1423 3053 1579 3128 Omnino
1604 3054 1688 3146 quid
1834 3089 1837 3116 ι

468 3165 541 3222 toto
554 3175 644 3226 anno
664 3154 861 3248 sperandum
878 3154 940 3241 stt,
962 3167 1038 3226 ante
1054 3151 1158 3225 finem
1177 3153 1262 3225 Maii
1269 3152 1427 3226 sciemus.

511 3245 674 3321 Conveni
692 3249 783 3322 suam
803 3247 1014 3339 Maiestatem
1037 3249 1081 3319 de
1100 3251 1215 3322 uxoris
1234 3247 1419 3343 gravissimo
1436 3244 1624 3336 desrderio,
1643 3247 1687 3324 dt

466 3357 616 3427 meo,ut
631 3349 700 3418 una
715 3345 818 3415 simus
828 3344 970 3431 ,illaque
986 3344 1056 3414 huc
1072 3345 1206 3433 veniat3
1229 3367 1293 3418 nec
1307 3343 1394 3417 aliud
1409 3341 1565 3431 obstare,
1580 3349 1689 3434 quem

466 3437 639 3512 servitium
657 3441 759 3531 ipfius
783 3459 792 3510 a
817 3458 882 3522 ne,
906 3437 931 3507 st
954 3438 1009 3508 illa
1024 3437 1119 3510 istinc
1135 3459 1295 3532 moveat,
1318 3440 1508 3533 scrupulum
1536 3437 1688 3514 nostrati·

464 3535 530 3609 bus
546 3533 668 3629 injiciat
688 3533 733 3608 de
751 3533 925 3627 desperato
948 3532 1096 3608 adventu
1121 3535 1214 3630 elus:
1247 3538 1342 3632 quod
1363 3537 1499 3632 privata
1517 3534 1687 3609 affediioni

465 3655 550 3708 meae
566 3632 715 3708 dicebam
734 3627 1010 3726 praeponendum.
1068 3629 1285 3728 Collaudabat
1295 3635 1373 3707 Rex
1387 3632 1686 3708 considerationem

465 3731 729 3807 &voluntatem
747 3749 879 3817 meam3
900 3725 1046 3818 addens,
1069 3727 1196 3823 sperare
1213 3729 1246 3802 se
1265 3729 1333 3803 istic
1353 3729 1482 3818 adesse,
1505 3743 1686 3820 antequam

462 3827 518 3901 illa
536 3832 593 3904 hic
609 3829 716 3921 pollet
741 3847 752 3898 a
777 3827 814 3902 dc
827 3843 904 3900 tum
922 3844 994 3916 quo
1019 3827 1115 3900 uxori
1133 3827 1265 3900 interim
1284 3825 1437 3916 satisfiat,
1466 3823 1559 3898 rede
1577 3823 1687 3897 saelu-

463 3939 537 3994 rum
552 3947 608 3996 me
624 3927 654 3998 si
673 3925 861 4016 aliquunde
878 3925 961 3994 meis
975 3923 1173 4013 praemittam
1189 3923 1251 4015 qui
1266 3925 1355 3998 illam
1374 3924 1471 3995 bono
1488 3921 1600 3992 animo
1616 3921 1685 3993 etse

462 4011 621 4105 iubeant,
641 4037 700 4088 aut
716 4022 741 4090 st
761 4019 843 4108 quid
862 4017 1097 4101 interveniret,
1120 4039 1190 4110 quo
1210 4021 1322 4095 minus
1344 4019 1401 4092 sua
1419 4014 1577 4106 Maiestas
1591 4013 1684 4088 ades·
1749 4045 1753 4051 ·

462 4107 512 4180 set
529 4112 653 4203 (quod
670 4112 809 4182 minime
827 4109 961 4201 sperat)
979 4111 1154 4184 confestim
1171 4135 1243 4187 eam
1258 4117 1327 4190 huc
1349 4116 1525 4188 adducant.
1574 4109 1615 4184 ld
1626 4129 1687 4182 ve·

463 4207 524 4292 td,
554 4220 593 4277 ut
620 4204 711 4290 dixi,
740 4220 817 4276 ante
845 4204 947 4275 finem
973 4205 1058 4276 Maii
1081 4209 1221 4284 omnino
1246 4213 1417 4286 constabit
1466 4212 1522 4280 Ac
1551 4205 1685 4282 secutus

462 4301 600 4397 quidem
614 4301 822 4376 voluntatem
838 4298 967 4392 Regis,
983 4297 1082 4375 statui
1098 4305 1173 4398 post
1186 4329 1313 4399 paucos
1332 4309 1405 4380 dies
1418 4305 1686 4392 ‘Denneteriurm

463 4422 543 4475 cum
559 4399 687 4494 aliquot
702 4397 794 4486 aliis,
816 4417 961 4488 quorum
973 4401 1078 4492 opere
1095 4404 1206 4478 minus
1224 4403 1365 4500 indigeo
1390 4403 1513 4477 advos
1536 4403 1686 4488 minoe,

461 4515 481 4567 a
499 4519 570 4590 quo
588 4497 700 4575 omnia
719 4493 901 4590 plenissime
918 4497 1137 4589 cognoscetis.

1590 4587 1685 4688 Quid
