3746 5142
464 491 548 562 120
599 464 912 585 JoAcnrmr
940 426 1562 556 mosanar'ssrsroam

460 629 559 726 ipsrus
576 599 715 704 differat.
757 623 862 726 Quod
875 621 1079 716 argumentis
1094 621 1232 716 quidem
1248 621 1346 696 nulus
1363 669 1377 710 ,
1396 621 1454 696 sed
1472 637 1583 694 tamen
1611 622 1686 696 ani-
1842 629 1851 654 ·‘

497 747 519 796 o
544 745 588 795 au
635 744 702 798 tor.

459 745 495 802 m
517 745 634 916 Quriilu
650 816 846 912 Amplitudo
883 815 989 893 vestra
1020 811 1266 908 prudentissime
1291 813 1433 897 scribit,
1454 811 1554 884 unius
1576 811 1685 907 Regis

459 912 644 988 adventum
660 935 725 1008 pro
740 914 978 1006 quinquaginta
1003 911 1147 984 millibus
1162 913 1227 983 esse
1246 933 1259 1000 3
1278 909 1316 983 δι
1337 912 1465 998 absque
1482 908 1539 986 iuo
1555 908 1682 1001 reliqua

459 1031 530 1086 nun
547 1010 655 1086 solum
679 1009 800 1084 frustra
829 1009 981 1102 suscipi,
1006 1005 1062 1080 sed
1089 1007 1126 1078 ἃ
1150 1009 1274 1078 malum
1292 1005 1402 1096 ipsum
1430 1005 1680 1094 acceleratum,
1728 1065 1732 1079 .

458 1107 611 1200 quotidie
640 1105 676 1180 ἃ
700 1107 790 1202 Regi
811 1107 1019 1182 inculcamus
1040 1157 1053 1194 ,
1073 1103 1110 1176 bc
1130 1101 1288 1176 Dominis
1310 1100 1375 1174 istis
1391 1100 1597 1187 occinimns3
1619 1100 1680 1194 qui

459 1221 580 1280 omnes
604 1201 808 1280 verissimum
840 1203 998 1276 fatentur.
1047 1202 1096 1273 Et
1114 1197 1248 1278 addidit
1268 1197 1450 1292 aliquando
1466 1195 1545 1268 mibi
1563 1197 1679 1286 Dux,

459 1295 494 1370 se
513 1319 584 1372 non
609 1317 677 1376 tam
704 1301 849 1374 alienum
873 1315 986 1372 mente
1004 1297 1069 1371 esse
1089 1346 1103 1382 ,
1127 1299 1274 1366 uthans
1300 1292 1549 1383 expeditionem
1577 1295 1680 1368 vellet

459 1391 649 1486 suscipere,
675 1395 734 1468 nist
764 1401 855 1468 certo
872 1395 996 1478 sciret,
1024 1392 1159 1484 Regem
1184 1385 1344 1459 continui>
1368 1385 1406 1456 δι
1432 1387 1464 1459 in
1488 1389 1562 1482 ipsis
1587 1387 1681 1480 quasi

459 1489 634 1580 vestigiis,
656 1489 919 1561 subsecuturum.
959 1485 1065 1578 Quod
1089 1484 1214 1555 utinam
1228 1484 1273 1553 ita
1289 1479 1344 1552 fiat
1357 1481 1378 1555 ·l
1401 1483 1467 1554 Sed
1485 1483 1585 1554 nimis
1609 1505 1681 1559 me·

458 1595 581 1656 tuone
599 1581 668 1653 fist.
715 1581 800 1652 Non
819 1580 949 1649 cessabo
968 1594 1083 1648 tamen
1097 1575 1197 1647 in'eo
1219 1574 1361 1668 perstare
1378 1600 1392 1666 3
1415 1580 1452 1650 δι
1469 1579 1559 1669 Regi
1574 1578 1682 1658 literas

460 1674 617 1844 gestus,
644 1678 748 1772 quam
774 1671 923 1774 primum
940 1691 983 1745 ex
1006 1689 1090 1768 agro
1112 1671 1276 1763 redierit,
1297 1672 1489 1762 exhibete,
1511 1690 1571 1752 aut
1588 1679 1682 1755 cette

475 1791 494 1840 e
519 1791 587 1846 ere.

496 1791 643 1958 gScripsit
656 1865 708 1938 his
723 1863 843 1938 diebus
861 1865 978 1962 paucis
994 1865 1038 1962 acl
1053 1885 1109 1938 me
1125 1864 1205 1941 Rex
1221 1918 1233 1954 ,
1249 1865 1335 1946 inter
1354 1883 1472 1956 catera
1491 1869 1534 1941 de
1553 1868 1686 1945 cosec-

459 1963 565 2036 taneis
580 1961 644 2033 illis
665 1961 749 2036 meis
768 2013 780 2048 ‚
803 1981 878 2058 quae
896 1960 956 2032 fibi
974 1960 1052 2034 dicit
1077 1961 1140 2034 esse
1157 1961 1358 2056 gratissima'3
1373 1966 1430 2051 ¹uti
1457 1965 1556 2037 latius
1581 1965 1688 2056 sagni-

460 2057 596 2149 fimbit,
633 2057 691 2128 ubi
709 2055 909 2150 posteriores
926 2071 1034 2154 partes
1053 2055 1135 2132 duas
1154 2059 1175 2152 (
1191 2079 1267 2130 nam
1286 2059 1410 2156 priores
1427 2057 1488 2147 ianr
1504 2061 1688 2150 perlegisse

460 2152 557 2229 se'ait
615 2151 799 2227 absolverit.
845 2151 981 2228 Interim
1008 2150 1131 2246 jubet,
1156 2169 1195 2226 ut
1216 2155 1309 2230 Duci
1327 2148 1459 2230 albano
1479 2155 1689 2242 exemplum

461 2250 559 2329 detur
611 2247 754 2342 ispansce
773 2247 1029 2344 conscriptum,
1051 2247 1087 2320 in
1100 2251 1173 2340 quq
1186 2247 1399 2322 emendando
1420 2268 1513 2319 nune
1530 2247 1661 2329 versor,

507 2345 575 2420 Sua
588 2342 747 2447 Majestas
763 2343 890 2420 summa
906 2343 1016 2419 vestrl
1032 2343 1120 2436 side,
1134 2342 1337 2438 diligentis,
1359 2341 1530 2438 vigilantis
1545 2342 1687 2429 mirifice

461 2437 649 2516 deiceretur
668 2464 681 2531 3
699 2441 769 2514 ‘nec
792 2441 912 2515 dubito
934 2441 1016 2538 quin
1043 2462 1115 2513 non
1142 2441 1248 2512 modo
1273 2439 1400 2528 literis,
1426 2440 1482 2514 sed
1505 2437 1542 2510 &
1571 2442 1684 2514 verbo

462 2555 576 2612 coram
590 2537 726 2628 publice
744 2537 860 2634 gratias
880 2535 1103 2632 Amplitudsni
1121 2535 1237 2608 vestrae
1254 2535 1292 2610 sit
1318 2535 1464 2613 aeuus.
1488 2531 1535 2609 Et
1550 2533 1629 2610 sane
1646 2540 1684 2616 iu

462 2633 562 2706 tantis
582 2632 718 2732 optimis
730 2633 901 2706 laboribus
919 2631 1061 2711 Domini
1077 2629 1224 2708 Bruslelii
1244 2630 1282 2704 δι
1299 2632 1489 2706 Assonvillii
1507 2681 1520 2718 ‚
1544 2651 1683 2723 equum

462 2729 545 2802 miss
574 2728 776 2818 viderem,
802 2731 935 2828 Regem
958 2727 1188 2829 aliquandoin
1213 2725 1277 2803 suis
1301 2727 1401 2806 literis
1423 2727 1466 2804 ad
1495 2727 1682 2804 Dominam

462 2822 630 2899 Ducisllnr
646 2823 863 2900 honorificam
879 2825 1026 2918 ipsorum
1040 2825 1149 2899 facere
1165 2825 1396 2912 mentionem3
1413 2821 1573 2918 cujus,ut
1593 2844 1687 2897 non·-

462 2921 936 3108 1111111
953 2917 1244 3116 111111
1256 2918 1680 3114 111111

925 3067 940 3108 9
1541 3064 1555 3104 ἱ

462 3110 588 3197 decet,
610 3113 780 3186 habeatur.

510 3207 582 3280 Res
600 3206 727 3281 nostras
746 3205 926 3289 Frisonicas
941 3207 1186 3301 tranquilliores
1199 3209 1264 3290 ese
1275 3260 1289 3298 ‚
1302 3209 1445 3290 multum
1461 3209 1582 3286 meritb
1600 3224 1682 3302 gau-

462 3299 541 3376 deo.
585 3301 631 3372 Et
653 3303 742 3376 bene
759 3301 897 3410 quidem
916 3303 1041 3392 habet,
1064 3305 1160 3402 quod
1177 3305 1356 3388 Achelium
1372 3304 1523 3385 nostrum
1550 3301 1679 3386 Comes

463 3397 726 3490 Arenbergensrs
742 3399 827 3473 misit
844 3449 857 3487 ,
880 3413 920 3476 ut
935 3403 979 3470 de
995 3400 1131 3497 singulis
1144 3401 1188 3472 ad
1207 3401 1379 3486 Duellium
1402 3399 1533 3484 referat,

507 3491 563 3566 De
582 3491 836 3567 Brederodianis
852 3493 956 3588 copiis
978 3495 1081 3566 multa
1095 3496 1151 3570 hlc
1175 3495 1363 3587 feruntur,
1393 3509 1519 3591 praeter
1534 3513 1574 3568 ea
1600 3515 1678 3590 quae

487 3588 603 3664 ublicis
625 3588 723 3664 literis
750 3591 1008 3683 perscribuntur.
1049 3589 1095 3664 Et
1118 3593 1220 3666 miror
1246 3596 1280 3668 in
1305 3610 1397 3668 tanta
1430 3593 1606 3674 occasune
1632 3590 1680 3666 rei

359 3687 361 3692 ·
462 3611 942 3858 ild
969 3689 1074 3862 11
1092 3682 1679 3879 11111111

1305 3866 1307 3870 ,
1467 3859 1470 3868 2
1516 3835 1528 3872 9

462 3879 639 3970 hiesum,
665 3881 708 3955 ab
734 3880 807 3974 ipso
829 3837 1029 3974 iccepersm.
1083 3881 1244 3980 significat
1270 3899 1382 3965 mmen
1406 3881 1488 3963 mihi
1511 3879 1678 3957 Dominus

461 3971 726 4065 Berlaymontius
743 3979 757 4062 ',
778 3976 936 4072 (tametsi
952 3976 1188 4076 subobscure)
1215 3981 1369 4084 quadarn
1391 3977 1450 4060 sibi
1465 3979 1507 4051 ab
1522 3977 1579 4048 illo
1597 3971 1675 4068 sug-

463 4067 555 4159 geri,
573 4069 616 4137 ad
642 4068 779 4147 salutem
803 4071 962 4146 Valacriae
986 4073 1170 4163 plurimum
1193 4077 1411 4168 pertinentia,
1433 4095 1509 4167 quae
1533 4069 1600 4168 iam
1621 4071 1677 4144 ille

461 4159 542 4241 mihi
565 4161 645 4233 dicit
665 4163 775 4234 omnia
797 4166 860 4240 effe
887 4168 1044 4258 cognita3
1067 4168 1111 4248 ita
1140 4184 1178 4240 ut
1201 4171 1369 4265 suspicer,
1391 4171 1521 4254 literas,
1542 4171 1567 4241 fi
1595 4184 1678 4260 quas

461 4257 553 4342 sorte
568 4255 677 4332 scn'bit
696 4279 710 4348 3
730 4257 752 4358 (
771 4277 849 4330 narn
871 4257 1009 4333 minime
1029 4261 1196 4338 restrisius
1214 4267 1248 4339 in
1268 4269 1335 4342 boc
1348 4290 1471 4362 genere
1485 4265 1549 4340 esre
1568 4259 1678 4357 solet)

460 4353 637 4462 intercipi,
653 4368 711 4434 aut
728 4351 851 4462 aliquid
869 4353 1091 4453 iisaccidere,
1108 4361 1305 4464 quominus
1322 4365 1366 4446 ad
1383 4387 1437 4448 me
1455 4361 1677 4542 peffiunuu.

1566 4469 1677 4538 ltusllss
