<?xml version="1.0" encoding="UTF-8"?>
<!DOCTYPE html PUBLIC "-//W3C//DTD XHTML 1.0 Transitional//EN"
    "http://www.w3.org/TR/xhtml1/DTD/xhtml1-transitional.dtd">
<html xmlns="http://www.w3.org/1999/xhtml" xml:lang="en" lang="en">
 <head>
  <title>
</title>
<meta http-equiv="Content-Type" content="text/html;charset=utf-8" />
  <meta name='ocr-system' content='tesseract 3.04.00' />
  <meta name='ocr-capabilities' content='ocr_page ocr_carea ocr_par ocr_line ocrx_word'/>
</head>
<body>
  <div class='ocr_page' id='page_1' title='image "./jhopperifrisiie00hoppgoog/jhopperifrisiie00hoppgoog_0292.png"; bbox 0 0 3736 5142; ppageno 0'>
   <div class='ocr_carea' id='block_1_1' title="bbox 393 473 1566 633">
    <p class='ocr_par' dir='ltr' id='par_1_1' title="bbox 393 473 1566 633">
     <span class='ocr_line' id='line_1_1' title="bbox 393 473 1566 633; baseline -0.003 -26"><span class='ocrx_word' id='word_1_1' title='bbox 393 473 398 481; x_wconf 77' lang='grc'>’</span> <span class='ocrx_word' id='word_1_2' title='bbox 444 515 527 633; x_wconf 56' lang='grc' dir='ltr'>ιιι</span> <span class='ocrx_word' id='word_1_3' title='bbox 580 509 902 629; x_wconf 71' lang='lat' dir='ltr'>toronum</span> <span class='ocrx_word' id='word_1_4' title='bbox 943 507 1221 600; x_wconf 80' lang='lat' dir='ltr'>norrrrr</span> <span class='ocrx_word' id='word_1_5' title='bbox 1247 509 1566 604; x_wconf 78' lang='lat' dir='ltr'>rorsroro</span> 
     </span>
    </p>
   </div>
   <div class='ocr_carea' id='block_1_2' title="bbox 324 667 1803 4486">
    <p class='ocr_par' dir='ltr' id='par_1_2' title="bbox 435 667 1662 955">
     <span class='ocr_line' id='line_1_2' title="bbox 438 667 1662 764; baseline -0.001 -13"><span class='ocrx_word' id='word_1_6' title='bbox 438 679 507 751; x_wconf 73' lang='lat' dir='ltr'>rati</span> <span class='ocrx_word' id='word_1_7' title='bbox 522 671 691 764; x_wconf 76' lang='lat' dir='ltr'>pecnnia,</span> <span class='ocrx_word' id='word_1_8' title='bbox 714 671 769 744; x_wconf 86' lang='lat' dir='ltr'>vel</span> <span class='ocrx_word' id='word_1_9' title='bbox 789 667 925 744; x_wconf 81' lang='lat' dir='ltr'>redditu</span> <span class='ocrx_word' id='word_1_10' title='bbox 940 683 1137 761; x_wconf 88' lang='lat' dir='ltr'>perpetuo,</span> <span class='ocrx_word' id='word_1_11' title='bbox 1158 667 1245 742; x_wconf 90' lang='lat' dir='ltr'>bene</span> <span class='ocrx_word' id='word_1_12' title='bbox 1263 667 1386 743; x_wconf 80' lang='lat' dir='ltr'>meritis</span> <span class='ocrx_word' id='word_1_13' title='bbox 1401 670 1577 747; x_wconf 82' lang='lat' dir='ltr'>dabuntur.</span> <span class='ocrx_word' id='word_1_14' title='bbox 1600 669 1662 752; x_wconf 91' lang='lat' dir='ltr'>De</span> 
     </span>
     <span class='ocr_line' id='line_1_3' title="bbox 436 761 1661 863; baseline 0.004 -22"><span class='ocrx_word' id='word_1_15' title='bbox 436 773 561 863; x_wconf 83' lang='lat' dir='ltr'>quibus</span> <span class='ocrx_word' id='word_1_16' title='bbox 577 769 737 839; x_wconf 89' lang='lat' dir='ltr'>omnibus</span> <span class='ocrx_word' id='word_1_17' title='bbox 754 781 931 858; x_wconf 81' lang='lat' dir='ltr'><strong>antequam</strong></span> <span class='ocrx_word' id='word_1_18' title='bbox 946 763 1130 857; x_wconf 86' lang='lat' dir='ltr'>quidquam</span> <span class='ocrx_word' id='word_1_19' title='bbox 1145 761 1325 852; x_wconf 73' lang='lat' dir='ltr'>totunm,</span> <span class='ocrx_word' id='word_1_20' title='bbox 1348 765 1452 838; x_wconf 84' lang='lat' dir='ltr'>veliet</span> <span class='ocrx_word' id='word_1_21' title='bbox 1463 767 1545 842; x_wconf 87' lang='lat' dir='ltr'>Rex</span> <span class='ocrx_word' id='word_1_22' title='bbox 1564 773 1661 846; x_wconf 75' lang='lat' dir='ltr'>certo</span> 
     </span>
     <span class='ocr_line' id='line_1_4' title="bbox 435 857 1661 955; baseline 0.001 -16"><span class='ocrx_word' id='word_1_23' title='bbox 435 867 518 939; x_wconf 86' lang='lat' dir='ltr'>scire</span> <span class='ocrx_word' id='word_1_24' title='bbox 537 881 702 955; x_wconf 91' lang='lat' dir='ltr'>quantum</span> <span class='ocrx_word' id='word_1_25' title='bbox 719 862 758 934; x_wconf 90' lang='lat' dir='ltr'>srt</span> <span class='ocrx_word' id='word_1_26' title='bbox 772 865 942 934; x_wconf 90' lang='lat' dir='ltr'>bonorum</span> <span class='ocrx_word' id='word_1_27' title='bbox 965 857 1249 946; x_wconf 85' lang='lat' dir='ltr'>confiscatomm,</span> <span class='ocrx_word' id='word_1_28' title='bbox 1283 859 1320 930; x_wconf 74' lang='lat' dir='ltr'>dt</span> <span class='ocrx_word' id='word_1_29' title='bbox 1348 861 1433 951; x_wconf 91' lang='lat' dir='ltr'>quid</span> <span class='ocrx_word' id='word_1_30' title='bbox 1456 865 1512 936; x_wconf 83' lang='lat' dir='ltr'>fibi</span> <span class='ocrx_word' id='word_1_31' title='bbox 1538 865 1661 940; x_wconf 85' lang='lat' dir='ltr'>debeat</span> 
     </span>
    </p>

    <p class='ocr_par' dir='ltr' id='par_1_3' title="bbox 329 953 1663 1340">
     <span class='ocr_line' id='line_1_5' title="bbox 329 953 1660 1051; baseline -0.002 -15"><span class='ocrx_word' id='word_1_32' title='bbox 329 984 332 992; x_wconf 81' lang='grc'><strong>’</strong></span> <span class='ocrx_word' id='word_1_33' title='bbox 434 959 611 1036; x_wconf 79' lang='lat' dir='ltr'>reservare.</span> <span class='ocrx_word' id='word_1_34' title='bbox 659 960 718 1031; x_wconf 87' lang='lat' dir='ltr'>Ad</span> <span class='ocrx_word' id='word_1_35' title='bbox 743 958 840 1051; x_wconf 91' lang='lat' dir='ltr'>quod</span> <span class='ocrx_word' id='word_1_36' title='bbox 860 955 1040 1047; x_wconf 74' lang='lat' dir='ltr'><strong>respondi,</strong></span> <span class='ocrx_word' id='word_1_37' title='bbox 1069 953 1227 1048; x_wconf 89' lang='lat' dir='ltr'>quoniam</span> <span class='ocrx_word' id='word_1_38' title='bbox 1254 973 1293 1026; x_wconf 87' lang='lat' dir='ltr'>ea</span> <span class='ocrx_word' id='word_1_39' title='bbox 1322 975 1374 1026; x_wconf 91' lang='lat' dir='ltr'>res</span> <span class='ocrx_word' id='word_1_40' title='bbox 1399 961 1506 1030; x_wconf 87' lang='lat' dir='ltr'>multo</span> <span class='ocrx_word' id='word_1_41' title='bbox 1530 961 1660 1051; x_wconf 82' lang='lat' dir='ltr'>indiget</span> 
     </span>
     <span class='ocr_line' id='line_1_6' title="bbox 434 1049 1660 1148; baseline -0.002 -20"><span class='ocrx_word' id='word_1_42' title='bbox 434 1074 622 1148; x_wconf 87' lang='lat' dir='ltr'>tempore,</span> <span class='ocrx_word' id='word_1_43' title='bbox 656 1055 749 1128; x_wconf 71' lang='lat' dir='ltr'>rede</span> <span class='ocrx_word' id='word_1_44' title='bbox 772 1054 864 1126; x_wconf 85' lang='lat' dir='ltr'>suam</span> <span class='ocrx_word' id='word_1_45' title='bbox 892 1049 1095 1143; x_wconf 76' lang='lat' dir='ltr'>Maiestatem</span> <span class='ocrx_word' id='word_1_46' title='bbox 1119 1049 1281 1123; x_wconf 70' lang='lat' dir='ltr'>fadumm</span> <span class='ocrx_word' id='word_1_47' title='bbox 1305 1052 1328 1122; x_wconf 86' lang='lat' dir='ltr'>st</span> <span class='ocrx_word' id='word_1_48' title='bbox 1356 1057 1458 1142; x_wconf 75' lang='lat' dir='ltr'>quim</span> <span class='ocrx_word' id='word_1_49' title='bbox 1485 1053 1660 1146; x_wconf 85' lang='lat' dir='ltr'>primum,</span> 
     </span>
     <span class='ocr_line' id='line_1_7' title="bbox 434 1147 1663 1241; baseline -0.002 -14"><span class='ocrx_word' id='word_1_50' title='bbox 434 1153 547 1227; x_wconf 86' lang='lat' dir='ltr'>finon</span> <span class='ocrx_word' id='word_1_51' title='bbox 567 1153 644 1224; x_wconf 88' lang='lat' dir='ltr'>dare</span> <span class='ocrx_word' id='word_1_52' title='bbox 665 1205 677 1240; x_wconf 91' lang='lat'>,</span> <span class='ocrx_word' id='word_1_53' title='bbox 700 1149 816 1222; x_wconf 84' lang='lat' dir='ltr'>saltem</span> <span class='ocrx_word' id='word_1_54' title='bbox 831 1151 997 1220; x_wconf 85' lang='lat' dir='ltr'>declarare</span> <span class='ocrx_word' id='word_1_55' title='bbox 1013 1147 1175 1238; x_wconf 80' lang='lat' dir='ltr'>inciperet</span> <span class='ocrx_word' id='word_1_56' title='bbox 1194 1199 1208 1234; x_wconf 87' lang='lat'>,</span> <span class='ocrx_word' id='word_1_57' title='bbox 1229 1147 1312 1238; x_wconf 91' lang='lat' dir='ltr'>quid</span> <span class='ocrx_word' id='word_1_58' title='bbox 1331 1149 1454 1241; x_wconf 90' lang='lat' dir='ltr'>cuique</span> <span class='ocrx_word' id='word_1_59' title='bbox 1475 1149 1551 1220; x_wconf 87' lang='lat' dir='ltr'>dare</span> <span class='ocrx_word' id='word_1_60' title='bbox 1566 1151 1663 1240; x_wconf 85' lang='lat' dir='ltr'>velit,</span> 
     </span>
     <span class='ocr_line' id='line_1_8' title="bbox 435 1241 1349 1340; baseline -0.008 -18"><span class='ocrx_word' id='word_1_61' title='bbox 435 1247 525 1323; x_wconf 76' lang='lat' dir='ltr'>salvi</span> <span class='ocrx_word' id='word_1_62' title='bbox 542 1245 786 1340; x_wconf 84' lang='lat' dir='ltr'>specificatione</span> <span class='ocrx_word' id='word_1_63' title='bbox 803 1249 910 1339; x_wconf 83' lang='lat' dir='ltr'>magis</span> <span class='ocrx_word' id='word_1_64' title='bbox 925 1244 1113 1338; x_wconf 79' lang='lat' dir='ltr'>particulari</span> <span class='ocrx_word' id='word_1_65' title='bbox 1131 1243 1165 1314; x_wconf 93' lang='lat' dir='ltr'>in</span> <span class='ocrx_word' id='word_1_66' title='bbox 1182 1241 1349 1315; x_wconf 87' lang='lat' dir='ltr'>futurum.</span> 
     </span>
    </p>

    <p class='ocr_par' dir='ltr' id='par_1_4' title="bbox 431 1338 1665 1713">
     <span class='ocr_line' id='line_1_9' title="bbox 483 1338 1662 1434; baseline -0.002 -18"><span class='ocrx_word' id='word_1_67' title='bbox 483 1347 538 1416; x_wconf 78' lang='lat' dir='ltr'>Ac</span> <span class='ocrx_word' id='word_1_68' title='bbox 553 1362 716 1434; x_wconf 89' lang='lat' dir='ltr'>quantum</span> <span class='ocrx_word' id='word_1_69' title='bbox 742 1345 785 1415; x_wconf 89' lang='lat' dir='ltr'>ad</span> <span class='ocrx_word' id='word_1_70' title='bbox 810 1343 1013 1416; x_wconf 72' lang='lat' dir='ltr'>erectionem</span> <span class='ocrx_word' id='word_1_71' title='bbox 1039 1341 1120 1412; x_wconf 88' lang='lat' dir='ltr'>novi</span> <span class='ocrx_word' id='word_1_72' title='bbox 1146 1339 1301 1426; x_wconf 85' lang='lat' dir='ltr'>ordinis,</span> <span class='ocrx_word' id='word_1_73' title='bbox 1338 1338 1498 1410; x_wconf 84' lang='lat' dir='ltr'>admonui</span> <span class='ocrx_word' id='word_1_74' title='bbox 1533 1339 1662 1415; x_wconf 87' lang='lat' dir='ltr'>bonum</span> 
     </span>
     <span class='ocr_line' id='line_1_10' title="bbox 435 1432 1664 1526; baseline -0.002 -15"><span class='ocrx_word' id='word_1_75' title='bbox 435 1437 571 1511; x_wconf 86' lang='lat' dir='ltr'>Ducem</span> <span class='ocrx_word' id='word_1_76' title='bbox 599 1439 818 1526; x_wconf 87' lang='lat' dir='ltr'>Philippum,</span> <span class='ocrx_word' id='word_1_77' title='bbox 841 1437 994 1508; x_wconf 88' lang='lat' dir='ltr'>ordinem</span> <span class='ocrx_word' id='word_1_78' title='bbox 1024 1433 1118 1502; x_wconf 84' lang='lat' dir='ltr'>suum</span> <span class='ocrx_word' id='word_1_79' title='bbox 1144 1435 1177 1502; x_wconf 91' lang='lat' dir='ltr'>in</span> <span class='ocrx_word' id='word_1_80' title='bbox 1212 1433 1336 1523; x_wconf 86' lang='lat' dir='ltr'>nuptiis</span> <span class='ocrx_word' id='word_1_81' title='bbox 1363 1432 1428 1503; x_wconf 89' lang='lat' dir='ltr'>suis</span> <span class='ocrx_word' id='word_1_82' title='bbox 1452 1453 1527 1504; x_wconf 90' lang='lat' dir='ltr'>curn</span> <span class='ocrx_word' id='word_1_83' title='bbox 1557 1454 1664 1510; x_wconf 83' lang='lat' dir='ltr'>uxore</span> 
     </span>
     <span class='ocr_line' id='line_1_11' title="bbox 434 1523 1665 1615; baseline 0 -11"><span class='ocrx_word' id='word_1_84' title='bbox 434 1533 592 1604; x_wconf 79' lang='lat' dir='ltr'>Lusitana</span> <span class='ocrx_word' id='word_1_85' title='bbox 616 1530 773 1614; x_wconf 86' lang='lat' dir='ltr'>etexiffe,</span> <span class='ocrx_word' id='word_1_86' title='bbox 798 1534 821 1600; x_wconf 81' lang='lat' dir='ltr'>ii</span> <span class='ocrx_word' id='word_1_87' title='bbox 844 1531 935 1599; x_wconf 77' lang='lat' dir='ltr'>forte</span> <span class='ocrx_word' id='word_1_88' title='bbox 958 1527 1016 1596; x_wconf 87' lang='lat' dir='ltr'>sua</span> <span class='ocrx_word' id='word_1_89' title='bbox 1031 1523 1186 1615; x_wconf 86' lang='lat' dir='ltr'>Majestus</span> <span class='ocrx_word' id='word_1_90' title='bbox 1208 1527 1253 1597; x_wconf 89' lang='lat' dir='ltr'>de</span> <span class='ocrx_word' id='word_1_91' title='bbox 1279 1527 1340 1599; x_wconf 88' lang='lat' dir='ltr'>suo</span> <span class='ocrx_word' id='word_1_92' title='bbox 1366 1529 1486 1600; x_wconf 90' lang='lat' dir='ltr'>ordine</span> <span class='ocrx_word' id='word_1_93' title='bbox 1515 1529 1608 1602; x_wconf 87' lang='lat' dir='ltr'>idem</span> <span class='ocrx_word' id='word_1_94' title='bbox 1627 1532 1665 1605; x_wconf 89' lang='lat' dir='ltr'>in</span> 
     </span>
     <span class='ocr_line' id='line_1_12' title="bbox 431 1621 1564 1713; baseline -0.013 -18"><span class='ocrx_word' id='word_1_95' title='bbox 431 1625 497 1696; x_wconf 83' lang='lat' dir='ltr'>suis</span> <span class='ocrx_word' id='word_1_96' title='bbox 514 1623 637 1713; x_wconf 88' lang='lat' dir='ltr'>nuptiis</span> <span class='ocrx_word' id='word_1_97' title='bbox 659 1621 770 1692; x_wconf 86' lang='lat' dir='ltr'>facete</span> <span class='ocrx_word' id='word_1_98' title='bbox 795 1623 908 1692; x_wconf 90' lang='lat' dir='ltr'>vellet.</span> <span class='ocrx_word' id='word_1_99' title='bbox 1556 1629 1564 1643; x_wconf 51' lang='lat'>⁸</span> 
     </span>
    </p>

    <p class='ocr_par' dir='ltr' id='par_1_5' title="bbox 431 1711 1664 1894">
     <span class='ocr_line' id='line_1_13' title="bbox 475 1711 1662 1806; baseline 0.002 -17"><span class='ocrx_word' id='word_1_100' title='bbox 475 1715 531 1789; x_wconf 88' lang='lat' dir='ltr'>De</span> <span class='ocrx_word' id='word_1_101' title='bbox 558 1719 634 1788; x_wconf 88' lang='lat' dir='ltr'>loco</span> <span class='ocrx_word' id='word_1_102' title='bbox 661 1714 851 1806; x_wconf 83' lang='lat' dir='ltr'>nuptiarum</span> <span class='ocrx_word' id='word_1_103' title='bbox 871 1711 1055 1804; x_wconf 76' lang='lat' dir='ltr'>Regiorum</span> <span class='ocrx_word' id='word_1_104' title='bbox 1073 1713 1225 1786; x_wconf 88' lang='lat' dir='ltr'>nondum</span> <span class='ocrx_word' id='word_1_105' title='bbox 1243 1711 1314 1786; x_wconf 83' lang='lat' dir='ltr'>scio</span> <span class='ocrx_word' id='word_1_106' title='bbox 1331 1714 1516 1806; x_wconf 88' lang='lat' dir='ltr'>quidquam</span> <span class='ocrx_word' id='word_1_107' title='bbox 1534 1717 1662 1792; x_wconf 86' lang='lat' dir='ltr'>consti·</span> 
     </span>
     <span class='ocr_line' id='line_1_14' title="bbox 431 1805 1664 1894; baseline 0.002 -8"><span class='ocrx_word' id='word_1_108' title='bbox 431 1829 555 1886; x_wconf 88' lang='lat' dir='ltr'>tutum.</span> <span class='ocrx_word' id='word_1_109' title='bbox 605 1807 792 1880; x_wconf 86' lang='lat' dir='ltr'>Muffitatur</span> <span class='ocrx_word' id='word_1_110' title='bbox 821 1825 934 1879; x_wconf 89' lang='lat' dir='ltr'>tamen</span> <span class='ocrx_word' id='word_1_111' title='bbox 964 1805 1007 1873; x_wconf 89' lang='lat' dir='ltr'>de</span> <span class='ocrx_word' id='word_1_112' title='bbox 1035 1805 1194 1894; x_wconf 79' lang='lat' dir='ltr'>Segovia.</span> <span class='ocrx_word' id='word_1_113' title='bbox 1243 1810 1310 1878; x_wconf 87' lang='lat' dir='ltr'>Alii</span> <span class='ocrx_word' id='word_1_114' title='bbox 1334 1809 1568 1881; x_wconf 81' lang='lat' dir='ltr'>Vaiiffoietunt</span> <span class='ocrx_word' id='word_1_115' title='bbox 1600 1833 1664 1888; x_wconf 83' lang='lat' dir='ltr'>nos</span> 
     </span>
    </p>

    <p class='ocr_par' dir='ltr' id='par_1_6' title="bbox 324 1898 1661 2179">
     <span class='ocr_line' id='line_1_15' title="bbox 324 1898 1661 1994; baseline -0.001 -12"><span class='ocrx_word' id='word_1_116' title='bbox 324 1977 326 1982; x_wconf 86' lang='lat'>.</span> <span class='ocrx_word' id='word_1_117' title='bbox 433 1910 539 1982; x_wconf 89' lang='lat' dir='ltr'>ituros</span> <span class='ocrx_word' id='word_1_118' title='bbox 565 1919 772 1989; x_wconf 66' lang='lat' dir='ltr'>autumant,</span> <span class='ocrx_word' id='word_1_119' title='bbox 803 1903 900 1994; x_wconf 90' lang='lat' dir='ltr'>qood</span> <span class='ocrx_word' id='word_1_120' title='bbox 921 1915 1009 1990; x_wconf 91' lang='lat' dir='ltr'>puto</span> <span class='ocrx_word' id='word_1_121' title='bbox 1037 1899 1161 1971; x_wconf 81' lang='lat' dir='ltr'>verius.</span> <span class='ocrx_word' id='word_1_122' title='bbox 1209 1898 1300 1973; x_wconf 89' lang='lat' dir='ltr'>Nam</span> <span class='ocrx_word' id='word_1_123' title='bbox 1316 1901 1541 1976; x_wconf 82' lang='lat' dir='ltr'>Valiiioletani</span> <span class='ocrx_word' id='word_1_124' title='bbox 1565 1911 1661 1980; x_wconf 86' lang='lat' dir='ltr'>maxi·</span> 
     </span>
     <span class='ocr_line' id='line_1_16' title="bbox 434 1991 1461 2179; baseline -0.004 -8"><span class='ocrx_word' id='word_1_125' title='bbox 434 1995 945 2171; x_wconf 58' lang='lat' dir='ltr'>attenuarentur</span> <span class='ocrx_word' id='word_1_126' title='bbox 960 1991 1461 2179; x_wconf 64' lang='lat' dir='ltr'>natanitrnnnu</span> 
     </span>
    </p>

    <p class='ocr_par' dir='ltr' id='par_1_7' title="bbox 434 2185 1659 2558">
     <span class='ocr_line' id='line_1_17' title="bbox 480 2185 1658 2280; baseline 0.001 -16"><span class='ocrx_word' id='word_1_127' title='bbox 480 2188 613 2266; x_wconf 85' lang='lat' dir='ltr'>Bellum</span> <span class='ocrx_word' id='word_1_128' title='bbox 633 2187 838 2261; x_wconf 84' lang='lat' dir='ltr'>Granatense</span> <span class='ocrx_word' id='word_1_129' title='bbox 863 2185 1008 2280; x_wconf 78' lang='lat' dir='ltr'>perDei</span> <span class='ocrx_word' id='word_1_130' title='bbox 1027 2188 1163 2278; x_wconf 83' lang='lat' dir='ltr'>gratiam</span> <span class='ocrx_word' id='word_1_131' title='bbox 1187 2189 1408 2279; x_wconf 87' lang='lat' dir='ltr'>composrtutn</span> <span class='ocrx_word' id='word_1_132' title='bbox 1425 2189 1493 2279; x_wconf 86' lang='lat' dir='ltr'>est,</span> <span class='ocrx_word' id='word_1_133' title='bbox 1515 2191 1658 2265; x_wconf 82' lang='lat' dir='ltr'>dedunt-</span> 
     </span>
     <span class='ocr_line' id='line_1_18' title="bbox 434 2279 1659 2384; baseline 0.002 -24"><span class='ocrx_word' id='word_1_134' title='bbox 434 2309 503 2384; x_wconf 87' lang='lat' dir='ltr'>que</span> <span class='ocrx_word' id='word_1_135' title='bbox 522 2287 556 2360; x_wconf 87' lang='lat' dir='ltr'>se</span> <span class='ocrx_word' id='word_1_136' title='bbox 574 2283 735 2374; x_wconf 78' lang='lat' dir='ltr'>nrorrsci,</span> <span class='ocrx_word' id='word_1_137' title='bbox 759 2283 796 2356; x_wconf 83' lang='lat' dir='ltr'>dt</span> <span class='ocrx_word' id='word_1_138' title='bbox 813 2301 922 2370; x_wconf 85' lang='lat' dir='ltr'>arma,</span> <span class='ocrx_word' id='word_1_139' title='bbox 946 2281 1034 2355; x_wconf 74' lang='lat' dir='ltr'>salvi</span> <span class='ocrx_word' id='word_1_140' title='bbox 1062 2279 1133 2354; x_wconf 78' lang='lat' dir='ltr'>vid</span> <span class='ocrx_word' id='word_1_141' title='bbox 1158 2303 1197 2354; x_wconf 89' lang='lat' dir='ltr'>ac</span> <span class='ocrx_word' id='word_1_142' title='bbox 1219 2283 1383 2358; x_wconf 81' lang='lat' dir='ltr'>libertate.</span> <span class='ocrx_word' id='word_1_143' title='bbox 1431 2285 1516 2360; x_wconf 86' lang='lat' dir='ltr'>Non</span> <span class='ocrx_word' id='word_1_144' title='bbox 1540 2287 1659 2362; x_wconf 84' lang='lat' dir='ltr'>desunt</span> 
     </span>
     <span class='ocr_line' id='line_1_19' title="bbox 436 2375 1657 2478; baseline 0.001 -22"><span class='ocrx_word' id='word_1_145' title='bbox 436 2399 574 2472; x_wconf 87' lang='lat' dir='ltr'>tamen,</span> <span class='ocrx_word' id='word_1_146' title='bbox 598 2381 636 2454; x_wconf 79' lang='lat' dir='ltr'>de</span> <span class='ocrx_word' id='word_1_147' title='bbox 652 2381 788 2474; x_wconf 84' lang='lat' dir='ltr'>quidem</span> <span class='ocrx_word' id='word_1_148' title='bbox 806 2379 896 2452; x_wconf 83' lang='lat' dir='ltr'>haud</span> <span class='ocrx_word' id='word_1_149' title='bbox 910 2377 1030 2471; x_wconf 80' lang='lat' dir='ltr'>pauci,</span> <span class='ocrx_word' id='word_1_150' title='bbox 1055 2389 1094 2449; x_wconf 89' lang='lat' dir='ltr'>ut</span> <span class='ocrx_word' id='word_1_151' title='bbox 1111 2375 1240 2470; x_wconf 83' lang='lat' dir='ltr'>ierttu,</span> <span class='ocrx_word' id='word_1_152' title='bbox 1261 2383 1321 2474; x_wconf 88' lang='lat' dir='ltr'>qui</span> <span class='ocrx_word' id='word_1_153' title='bbox 1339 2381 1485 2455; x_wconf 85' lang='lat' dir='ltr'>inarmis</span> <span class='ocrx_word' id='word_1_154' title='bbox 1505 2403 1657 2478; x_wconf 85' lang='lat' dir='ltr'>manent,</span> 
     </span>
     <span class='ocr_line' id='line_1_20' title="bbox 436 2476 1180 2558; baseline -0.009 -5"><span class='ocrx_word' id='word_1_155' title='bbox 436 2480 473 2552; x_wconf 79' lang='lat' dir='ltr'>u</span> <span class='ocrx_word' id='word_1_156' title='bbox 496 2478 529 2553; x_wconf 87' lang='lat' dir='ltr'>se</span> <span class='ocrx_word' id='word_1_157' title='bbox 551 2477 674 2550; x_wconf 90' lang='lat' dir='ltr'>dedere</span> <span class='ocrx_word' id='word_1_158' title='bbox 690 2476 851 2549; x_wconf 87' lang='lat' dir='ltr'>recusant.</span> <span class='ocrx_word' id='word_1_159' title='bbox 1176 2549 1180 2558; x_wconf 72' lang='grc'>,</span> 
     </span>
    </p>

    <p class='ocr_par' dir='ltr' id='par_1_8' title="bbox 432 2565 1749 3220">
     <span class='ocr_line' id='line_1_21' title="bbox 482 2565 1658 2651; baseline 0.004 -5"><span class='ocrx_word' id='word_1_160' title='bbox 482 2575 592 2648; x_wconf 85' lang='lat' dir='ltr'>Aiunt</span> <span class='ocrx_word' id='word_1_161' title='bbox 609 2567 858 2645; x_wconf 80' lang='lat' dir='ltr'>iliustriffimum</span> <span class='ocrx_word' id='word_1_162' title='bbox 877 2568 1050 2642; x_wconf 88' lang='lat' dir='ltr'>dominum</span> <span class='ocrx_word' id='word_1_163' title='bbox 1073 2565 1212 2644; x_wconf 82' lang='lat' dir='ltr'>Ducena</span> <span class='ocrx_word' id='word_1_164' title='bbox 1231 2572 1384 2647; x_wconf 73' lang='lat' dir='ltr'>omnbus</span> <span class='ocrx_word' id='word_1_165' title='bbox 1404 2573 1514 2648; x_wconf 85' lang='lat' dir='ltr'>modis</span> <span class='ocrx_word' id='word_1_166' title='bbox 1534 2575 1577 2647; x_wconf 86' lang='lat' dir='ltr'>ab</span> <span class='ocrx_word' id='word_1_167' title='bbox 1601 2575 1658 2651; x_wconf 85' lang='lat' dir='ltr'>rua</span> 
     </span>
     <span class='ocr_line' id='line_1_22' title="bbox 432 2663 1749 2763; baseline 0 -19"><span class='ocrx_word' id='word_1_168' title='bbox 432 2668 607 2763; x_wconf 77' lang='lat' dir='ltr'>Maiestate</span> <span class='ocrx_word' id='word_1_169' title='bbox 632 2669 859 2758; x_wconf 85' lang='lat' dir='ltr'>contendere,</span> <span class='ocrx_word' id='word_1_170' title='bbox 883 2683 923 2738; x_wconf 91' lang='lat' dir='ltr'>ut</span> <span class='ocrx_word' id='word_1_171' title='bbox 947 2686 1026 2737; x_wconf 88' lang='lat' dir='ltr'>cum</span> <span class='ocrx_word' id='word_1_172' title='bbox 1053 2663 1187 2760; x_wconf 83' lang='lat' dir='ltr'>Regina</span> <span class='ocrx_word' id='word_1_173' title='bbox 1212 2669 1280 2740; x_wconf 90' lang='lat' dir='ltr'>huc</span> <span class='ocrx_word' id='word_1_174' title='bbox 1296 2670 1433 2760; x_wconf 80' lang='lat' dir='ltr'>venire,</span> <span class='ocrx_word' id='word_1_175' title='bbox 1456 2671 1656 2762; x_wconf 83' lang='lat' dir='ltr'>filiumque,</span> <span class='ocrx_word' id='word_1_176' title='bbox 1714 2731 1717 2734; x_wconf 93' lang='lat'>.</span> <span class='ocrx_word' id='word_1_177' title='bbox 1744 2683 1749 2694; x_wconf 82' lang='lat'><em>‘</em></span> 
     </span>
     <span class='ocr_line' id='line_1_23' title="bbox 433 2760 1658 2856; baseline 0.002 -17"><span class='ocrx_word' id='word_1_178' title='bbox 433 2769 546 2842; x_wconf 89' lang='lat' dir='ltr'>donec</span> <span class='ocrx_word' id='word_1_179' title='bbox 562 2765 644 2839; x_wconf 81' lang='lat' dir='ltr'>alius</span> <span class='ocrx_word' id='word_1_180' title='bbox 658 2763 871 2838; x_wconf 85' lang='lat' dir='ltr'>Gubernator</span> <span class='ocrx_word' id='word_1_181' title='bbox 887 2764 1008 2849; x_wconf 86' lang='lat' dir='ltr'>detur,</span> <span class='ocrx_word' id='word_1_182' title='bbox 1030 2760 1227 2836; x_wconf 88' lang='lat' dir='ltr'>substituere</span> <span class='ocrx_word' id='word_1_183' title='bbox 1245 2761 1342 2856; x_wconf 88' lang='lat' dir='ltr'>poffit</span> <span class='ocrx_word' id='word_1_184' title='bbox 1366 2786 1377 2834; x_wconf 73' lang='grc' dir='ltr'>ι</span> <span class='ocrx_word' id='word_1_185' title='bbox 1400 2783 1514 2840; x_wconf 85' lang='lat' dir='ltr'>utrunt</span> <span class='ocrx_word' id='word_1_186' title='bbox 1540 2789 1658 2842; x_wconf 87' lang='lat' dir='ltr'>vetum</span> 
     </span>
     <span class='ocr_line' id='line_1_24' title="bbox 435 2855 1660 2958; baseline 0.004 -24"><span class='ocrx_word' id='word_1_187' title='bbox 435 2864 475 2934; x_wconf 85' lang='lat' dir='ltr'>stt</span> <span class='ocrx_word' id='word_1_188' title='bbox 491 2881 555 2934; x_wconf 89' lang='lat' dir='ltr'>nec</span> <span class='ocrx_word' id='word_1_189' title='bbox 573 2882 617 2934; x_wconf 84' lang='lat' dir='ltr'>ne</span> <span class='ocrx_word' id='word_1_190' title='bbox 631 2861 723 2933; x_wconf 87' lang='lat' dir='ltr'>baud</span> <span class='ocrx_word' id='word_1_191' title='bbox 740 2857 819 2932; x_wconf 89' lang='lat' dir='ltr'>scio.</span> <span class='ocrx_word' id='word_1_192' title='bbox 866 2857 953 2931; x_wconf 80' lang='lat' dir='ltr'>iilud</span> <span class='ocrx_word' id='word_1_193' title='bbox 969 2855 1059 2947; x_wconf 86' lang='lat' dir='ltr'>scio,</span> <span class='ocrx_word' id='word_1_194' title='bbox 1081 2857 1150 2930; x_wconf 84' lang='lat' dir='ltr'>fine</span> <span class='ocrx_word' id='word_1_195' title='bbox 1172 2857 1356 2932; x_wconf 84' lang='lat' dir='ltr'>nostrarum</span> <span class='ocrx_word' id='word_1_196' title='bbox 1376 2881 1487 2936; x_wconf 88' lang='lat' dir='ltr'>rerum</span> <span class='ocrx_word' id='word_1_197' title='bbox 1508 2865 1660 2958; x_wconf 87' lang='lat' dir='ltr'>periculo</span> 
     </span>
     <span class='ocr_line' id='line_1_25' title="bbox 433 2953 1651 3050; baseline -0.001 -19"><span class='ocrx_word' id='word_1_198' title='bbox 433 2958 506 3031; x_wconf 92' lang='lat' dir='ltr'>fieri</span> <span class='ocrx_word' id='word_1_199' title='bbox 523 2979 593 3032; x_wconf 93' lang='lat' dir='ltr'>non</span> <span class='ocrx_word' id='word_1_200' title='bbox 609 2957 724 3050; x_wconf 84' lang='lat' dir='ltr'>poffe,</span> <span class='ocrx_word' id='word_1_201' title='bbox 741 2976 804 3026; x_wconf 92' lang='lat' dir='ltr'>nec</span> <span class='ocrx_word' id='word_1_202' title='bbox 819 2954 939 3026; x_wconf 89' lang='lat' dir='ltr'>dubito</span> <span class='ocrx_word' id='word_1_203' title='bbox 953 2955 1037 3046; x_wconf 90' lang='lat' dir='ltr'>quin</span> <span class='ocrx_word' id='word_1_204' title='bbox 1054 2953 1112 3028; x_wconf 86' lang='lat' dir='ltr'>sua</span> <span class='ocrx_word' id='word_1_205' title='bbox 1131 2955 1338 3030; x_wconf 82' lang='lat' dir='ltr'>Excellentia</span> <span class='ocrx_word' id='word_1_206' title='bbox 1354 2957 1389 3028; x_wconf 90' lang='lat' dir='ltr'>id</span> <span class='ocrx_word' id='word_1_207' title='bbox 1408 2956 1504 3030; x_wconf 72' lang='lat' dir='ltr'>facile</span> <span class='ocrx_word' id='word_1_208' title='bbox 1524 2959 1651 3048; x_wconf 87' lang='lat' dir='ltr'>videat,</span> 
     </span>
     <span class='ocr_line' id='line_1_26' title="bbox 434 3047 1654 3147; baseline -0.002 -21"><span class='ocrx_word' id='word_1_209' title='bbox 434 3055 473 3126; x_wconf 81' lang='lat' dir='ltr'>dt</span> <span class='ocrx_word' id='word_1_210' title='bbox 497 3054 668 3130; x_wconf 87' lang='lat' dir='ltr'>servitium</span> <span class='ocrx_word' id='word_1_211' title='bbox 687 3053 797 3146; x_wconf 82' lang='lat' dir='ltr'>Regia</span> <span class='ocrx_word' id='word_1_212' title='bbox 818 3047 1051 3147; x_wconf 76' lang='lat' dir='ltr'>suis(tametii</span> <span class='ocrx_word' id='word_1_213' title='bbox 1075 3069 1145 3124; x_wconf 87' lang='lat' dir='ltr'>noo</span> <span class='ocrx_word' id='word_1_214' title='bbox 1165 3047 1320 3144; x_wconf 78' lang='lat' dir='ltr'>injustis)</span> <span class='ocrx_word' id='word_1_215' title='bbox 1336 3051 1499 3132; x_wconf 79' lang='lat' dir='ltr'>defideriis</span> <span class='ocrx_word' id='word_1_216' title='bbox 1521 3073 1654 3146; x_wconf 86' lang='lat' dir='ltr'>praepo-</span> 
     </span>
     <span class='ocr_line' id='line_1_27' title="bbox 435 3163 1453 3220; baseline 0 0"><span class='ocrx_word' id='word_1_217' title='bbox 435 3165 503 3220; x_wconf 90' lang='lat' dir='ltr'>nat.</span> <span class='ocrx_word' id='word_1_218' title='bbox 554 3163 555 3166; x_wconf 66' lang='lat'>‘</span> <span class='ocrx_word' id='word_1_219' title='bbox 1450 3165 1453 3171; x_wconf 89' lang='grc'><strong><em>·</em></strong></span> 
     </span>
    </p>

    <p class='ocr_par' dir='ltr' id='par_1_9' title="bbox 479 3239 1652 3336">
     <span class='ocr_line' id='line_1_28' title="bbox 479 3239 1652 3336; baseline 0.003 -23"><span class='ocrx_word' id='word_1_220' title='bbox 479 3245 611 3336; x_wconf 88' lang='lat' dir='ltr'>Accepi</span> <span class='ocrx_word' id='word_1_221' title='bbox 642 3243 842 3315; x_wconf 69' lang='lat' dir='ltr'>hisdiebus</span> <span class='ocrx_word' id='word_1_222' title='bbox 864 3243 907 3316; x_wconf 87' lang='lat' dir='ltr'>ab</span> <span class='ocrx_word' id='word_1_223' title='bbox 938 3239 1147 3334; x_wconf 80' lang='lat' dir='ltr'>ilustriiiimo</span> <span class='ocrx_word' id='word_1_224' title='bbox 1179 3241 1315 3314; x_wconf 92' lang='lat' dir='ltr'>domino</span> <span class='ocrx_word' id='word_1_225' title='bbox 1343 3239 1505 3313; x_wconf 87' lang='lat' dir='ltr'>Cardinali</span> <span class='ocrx_word' id='word_1_226' title='bbox 1533 3239 1652 3316; x_wconf 82' lang='lat' dir='ltr'>Bulias</span> 
     </span>
    </p>

    <p class='ocr_par' dir='ltr' id='par_1_10' title="bbox 479 3335 1657 3432">
     <span class='ocr_line' id='line_1_29' title="bbox 479 3335 1657 3432; baseline 0.005 -24"><span class='ocrx_word' id='word_1_227' title='bbox 479 3337 602 3408; x_wconf 83' lang='lat' dir='ltr'>ostonis</span> <span class='ocrx_word' id='word_1_228' title='bbox 634 3339 837 3411; x_wconf 88' lang='lat' dir='ltr'>ducatorum</span> <span class='ocrx_word' id='word_1_229' title='bbox 862 3339 924 3411; x_wconf 88' lang='lat' dir='ltr'>filii</span> <span class='ocrx_word' id='word_1_230' title='bbox 954 3339 1022 3410; x_wconf 88' lang='lat' dir='ltr'>mei</span> <span class='ocrx_word' id='word_1_231' title='bbox 1055 3338 1209 3432; x_wconf 85' lang='lat' dir='ltr'>Gregorii</span> <span class='ocrx_word' id='word_1_232' title='bbox 1233 3335 1330 3428; x_wconf 88' lang='lat' dir='ltr'>supet</span> <span class='ocrx_word' id='word_1_233' title='bbox 1357 3336 1657 3431; x_wconf 78' lang='lat' dir='ltr'>Archiepiicopam</span> 
     </span>
    </p>

    <p class='ocr_par' dir='ltr' id='par_1_11' title="bbox 431 3429 1803 3814">
     <span class='ocr_line' id='line_1_30' title="bbox 480 3429 1657 3528; baseline 0.007 -28"><span class='ocrx_word' id='word_1_234' title='bbox 480 3429 628 3522; x_wconf 75' lang='lat' dir='ltr'>spalensi.</span> <span class='ocrx_word' id='word_1_235' title='bbox 675 3432 793 3502; x_wconf 86' lang='lat' dir='ltr'>Scribo</span> <span class='ocrx_word' id='word_1_236' title='bbox 814 3434 858 3502; x_wconf 88' lang='lat' dir='ltr'>ad</span> <span class='ocrx_word' id='word_1_237' title='bbox 883 3451 1023 3503; x_wconf 82' lang='lat' dir='ltr'>uxorem</span> <span class='ocrx_word' id='word_1_238' title='bbox 1052 3449 1090 3508; x_wconf 94' lang='lat' dir='ltr'>ut</span> <span class='ocrx_word' id='word_1_239' title='bbox 1115 3433 1380 3528; x_wconf 83' lang='lat' dir='ltr'>procuratorium</span> <span class='ocrx_word' id='word_1_240' title='bbox 1402 3431 1460 3507; x_wconf 79' lang='lat' dir='ltr'>run</span> <span class='ocrx_word' id='word_1_241' title='bbox 1480 3433 1579 3527; x_wconf 82' lang='lat' dir='ltr'>snper</span> <span class='ocrx_word' id='word_1_242' title='bbox 1601 3455 1657 3508; x_wconf 87' lang='lat' dir='ltr'>me</span> 
     </span>
     <span class='ocr_line' id='line_1_31' title="bbox 432 3523 1655 3624; baseline 0.002 -22"><span class='ocrx_word' id='word_1_243' title='bbox 432 3527 490 3602; x_wconf 86' lang='lat' dir='ltr'>fiat</span> <span class='ocrx_word' id='word_1_244' title='bbox 509 3526 552 3597; x_wconf 88' lang='lat' dir='ltr'>de</span> <span class='ocrx_word' id='word_1_245' title='bbox 567 3523 764 3616; x_wconf 86' lang='lat' dir='ltr'>recipiendis</span> <span class='ocrx_word' id='word_1_246' title='bbox 778 3527 922 3600; x_wconf 85' lang='lat' dir='ltr'>nummis</span> <span class='ocrx_word' id='word_1_247' title='bbox 938 3530 1044 3624; x_wconf 87' lang='lat' dir='ltr'>(nam</span> <span class='ocrx_word' id='word_1_248' title='bbox 1061 3531 1128 3624; x_wconf 84' lang='lat' dir='ltr'>jam</span> <span class='ocrx_word' id='word_1_249' title='bbox 1148 3549 1258 3602; x_wconf 86' lang='lat' dir='ltr'>annua</span> <span class='ocrx_word' id='word_1_250' title='bbox 1276 3531 1394 3620; x_wconf 85' lang='lat' dir='ltr'>pensro</span> <span class='ocrx_word' id='word_1_251' title='bbox 1412 3530 1605 3624; x_wconf 82' lang='lat' dir='ltr'>debenu);</span> <span class='ocrx_word' id='word_1_252' title='bbox 1618 3529 1655 3604; x_wconf 71' lang='lat' dir='ltr'>dt</span> 
     </span>
     <span class='ocr_line' id='line_1_32' title="bbox 431 3620 1655 3718; baseline -0.001 -21"><span class='ocrx_word' id='word_1_253' title='bbox 431 3621 620 3699; x_wconf 83' lang='lat' dir='ltr'>certioratio</span> <span class='ocrx_word' id='word_1_254' title='bbox 638 3641 706 3696; x_wconf 89' lang='lat' dir='ltr'>una</span> <span class='ocrx_word' id='word_1_255' title='bbox 730 3620 879 3696; x_wconf 87' lang='lat' dir='ltr'>minatur</span> <span class='ocrx_word' id='word_1_256' title='bbox 897 3623 941 3696; x_wconf 89' lang='lat' dir='ltr'>de</span> <span class='ocrx_word' id='word_1_257' title='bbox 959 3627 1027 3697; x_wconf 84' lang='lat' dir='ltr'>vita</span> <span class='ocrx_word' id='word_1_258' title='bbox 1044 3625 1165 3718; x_wconf 79' lang='lat' dir='ltr'>ipsius,</span> <span class='ocrx_word' id='word_1_259' title='bbox 1196 3641 1261 3718; x_wconf 89' lang='lat' dir='ltr'>qua</span> <span class='ocrx_word' id='word_1_260' title='bbox 1286 3625 1322 3693; x_wconf 88' lang='lat' dir='ltr'>r&#39;o</span> <span class='ocrx_word' id='word_1_261' title='bbox 1345 3645 1381 3694; x_wconf 89' lang='lat' dir='ltr'>re</span> <span class='ocrx_word' id='word_1_262' title='bbox 1401 3645 1463 3698; x_wconf 89' lang='lat' dir='ltr'>oro</span> <span class='ocrx_word' id='word_1_263' title='bbox 1486 3627 1655 3717; x_wconf 80' lang='lat' dir='ltr'>Amplitu-</span> 
     </span>
     <span class='ocr_line' id='line_1_33' title="bbox 433 3717 1803 3814; baseline -0.004 -18"><span class='ocrx_word' id='word_1_264' title='bbox 433 3719 547 3796; x_wconf 85' lang='lat' dir='ltr'>dinem</span> <span class='ocrx_word' id='word_1_265' title='bbox 566 3717 709 3796; x_wconf 79' lang='lat' dir='ltr'>vestram</span> <span class='ocrx_word' id='word_1_266' title='bbox 726 3737 764 3793; x_wconf 92' lang='lat' dir='ltr'>ut</span> <span class='ocrx_word' id='word_1_267' title='bbox 782 3719 827 3791; x_wconf 89' lang='lat' dir='ltr'>illi</span> <span class='ocrx_word' id='word_1_268' title='bbox 842 3719 972 3814; x_wconf 76' lang='lat' dir='ltr'>adjutor</span> <span class='ocrx_word' id='word_1_269' title='bbox 992 3722 1055 3794; x_wconf 80' lang='lat' dir='ltr'>effe</span> <span class='ocrx_word' id='word_1_270' title='bbox 1070 3721 1159 3796; x_wconf 83' lang='lat' dir='ltr'>velit.</span> <span class='ocrx_word' id='word_1_271' title='bbox 1794 3790 1803 3812; x_wconf 60' lang='grc'><strong>,</strong></span> 
     </span>
    </p>

    <p class='ocr_par' dir='ltr' id='par_1_12' title="bbox 433 3811 1655 4172">
     <span class='ocr_line' id='line_1_34' title="bbox 480 3811 1654 3912; baseline -0.006 -18"><span class='ocrx_word' id='word_1_272' title='bbox 480 3818 650 3894; x_wconf 88' lang='lat' dir='ltr'>Referens</span> <span class='ocrx_word' id='word_1_273' title='bbox 666 3819 710 3892; x_wconf 89' lang='lat' dir='ltr'>ad</span> <span class='ocrx_word' id='word_1_274' title='bbox 725 3819 859 3912; x_wconf 75' lang='lat' dir='ltr'>Regem</span> <span class='ocrx_word' id='word_1_275' title='bbox 883 3819 927 3890; x_wconf 89' lang='lat' dir='ltr'>de</span> <span class='ocrx_word' id='word_1_276' title='bbox 941 3817 1138 3910; x_wconf 85' lang='lat' dir='ltr'>quibusdam</span> <span class='ocrx_word' id='word_1_277' title='bbox 1158 3813 1312 3887; x_wconf 83' lang='lat' dir='ltr'>Ecclesris</span> <span class='ocrx_word' id='word_1_278' title='bbox 1326 3813 1396 3886; x_wconf 88' lang='lat' dir='ltr'>istic</span> <span class='ocrx_word' id='word_1_279' title='bbox 1413 3811 1501 3885; x_wconf 77' lang='lat' dir='ltr'>belle</span> <span class='ocrx_word' id='word_1_280' title='bbox 1520 3832 1654 3906; x_wconf 88' lang='lat' dir='ltr'>repara-</span> 
     </span>
     <span class='ocr_line' id='line_1_35' title="bbox 434 3908 1655 4010; baseline -0.004 -24"><span class='ocrx_word' id='word_1_281' title='bbox 434 3916 474 3986; x_wconf 84' lang='lat' dir='ltr'>tis</span> <span class='ocrx_word' id='word_1_282' title='bbox 503 3917 580 4010; x_wconf 89' lang='lat' dir='ltr'>post</span> <span class='ocrx_word' id='word_1_283' title='bbox 606 3919 785 3988; x_wconf 91' lang='lat' dir='ltr'>tumultum</span> <span class='ocrx_word' id='word_1_284' title='bbox 806 3917 1076 4003; x_wconf 86' lang='lat' dir='ltr'>Geusranorum,</span> <span class='ocrx_word' id='word_1_285' title='bbox 1100 3911 1188 4008; x_wconf 82' lang='lat' dir='ltr'>jusstt</span> <span class='ocrx_word' id='word_1_286' title='bbox 1206 3929 1244 3984; x_wconf 92' lang='lat' dir='ltr'>ut</span> <span class='ocrx_word' id='word_1_287' title='bbox 1257 3911 1369 3984; x_wconf 86' lang='lat' dir='ltr'>scirem</span> <span class='ocrx_word' id='word_1_288' title='bbox 1386 3909 1428 3981; x_wconf 87' lang='lat' dir='ltr'>ab</span> <span class='ocrx_word' id='word_1_289' title='bbox 1448 3908 1655 4001; x_wconf 80' lang='lat' dir='ltr'>Amplitudi-</span> 
     </span>
     <span class='ocr_line' id='line_1_36' title="bbox 433 4005 1654 4098; baseline 0.002 -24"><span class='ocrx_word' id='word_1_290' title='bbox 433 4026 478 4074; x_wconf 87' lang='lat' dir='ltr'>ne</span> <span class='ocrx_word' id='word_1_291' title='bbox 498 4011 605 4080; x_wconf 82' lang='lat' dir='ltr'>vestra</span> <span class='ocrx_word' id='word_1_292' title='bbox 626 4011 709 4098; x_wconf 90' lang='lat' dir='ltr'>quid</span> <span class='ocrx_word' id='word_1_293' title='bbox 733 4011 776 4079; x_wconf 91' lang='lat' dir='ltr'>de</span> <span class='ocrx_word' id='word_1_294' title='bbox 792 4009 1000 4080; x_wconf 83' lang='lat' dir='ltr'>Monasteriis</span> <span class='ocrx_word' id='word_1_295' title='bbox 1016 4011 1053 4081; x_wconf 81' lang='lat' dir='ltr'>dt</span> <span class='ocrx_word' id='word_1_296' title='bbox 1071 4009 1227 4082; x_wconf 85' lang='lat' dir='ltr'>Ecclesris</span> <span class='ocrx_word' id='word_1_297' title='bbox 1247 4007 1370 4082; x_wconf 86' lang='lat' dir='ltr'>exustis</span> <span class='ocrx_word' id='word_1_298' title='bbox 1387 4005 1508 4080; x_wconf 73' lang='lat' dir='ltr'>faetor</span> <span class='ocrx_word' id='word_1_299' title='bbox 1526 4005 1588 4095; x_wconf 87' lang='lat' dir='ltr'>stt,</span> <span class='ocrx_word' id='word_1_300' title='bbox 1613 4005 1654 4078; x_wconf 77' lang='lat' dir='ltr'>dc</span> 
     </span>
     <span class='ocr_line' id='line_1_37' title="bbox 433 4099 767 4172; baseline 0.012 -4"><span class='ocrx_word' id='word_1_301' title='bbox 433 4117 477 4169; x_wconf 81' lang='lat' dir='ltr'>an</span> <span class='ocrx_word' id='word_1_302' title='bbox 495 4101 556 4170; x_wconf 80' lang='lat' dir='ltr'>sant</span> <span class='ocrx_word' id='word_1_303' title='bbox 572 4099 767 4172; x_wconf 71' lang='lat' dir='ltr'>restaurate.</span> 
     </span>
    </p>

    <p class='ocr_par' dir='ltr' id='par_1_13' title="bbox 434 4191 1656 4486">
     <span class='ocr_line' id='line_1_38' title="bbox 480 4191 1656 4296; baseline 0.003 -30"><span class='ocrx_word' id='word_1_304' title='bbox 480 4191 574 4266; x_wconf 90' lang='lat' dir='ltr'>Bene</span> <span class='ocrx_word' id='word_1_305' title='bbox 593 4195 692 4281; x_wconf 87' lang='lat' dir='ltr'>vale,</span> <span class='ocrx_word' id='word_1_306' title='bbox 714 4195 898 4268; x_wconf 85' lang='lat' dir='ltr'>reverende</span> <span class='ocrx_word' id='word_1_307' title='bbox 918 4195 1065 4286; x_wconf 83' lang='lat' dir='ltr'>Prtesul‚</span> <span class='ocrx_word' id='word_1_308' title='bbox 1096 4205 1226 4296; x_wconf 87' lang='lat' dir='ltr'>optime</span> <span class='ocrx_word' id='word_1_309' title='bbox 1243 4217 1408 4295; x_wconf 87' lang='lat' dir='ltr'>patrone,</span> <span class='ocrx_word' id='word_1_310' title='bbox 1431 4199 1468 4274; x_wconf 88' lang='lat'>&amp;</span> <span class='ocrx_word' id='word_1_311' title='bbox 1489 4217 1523 4272; x_wconf 86' lang='lat' dir='ltr'>te</span> <span class='ocrx_word' id='word_1_312' title='bbox 1545 4197 1656 4290; x_wconf 90' lang='lat' dir='ltr'>reipu-</span> 
     </span>
     <span class='ocr_line' id='line_1_39' title="bbox 434 4289 1656 4392; baseline -0.001 -28"><span class='ocrx_word' id='word_1_313' title='bbox 434 4291 530 4367; x_wconf 79' lang='lat' dir='ltr'>blicae</span> <span class='ocrx_word' id='word_1_314' title='bbox 558 4309 595 4362; x_wconf 85' lang='lat' dir='ltr'>ac</span> <span class='ocrx_word' id='word_1_315' title='bbox 621 4289 717 4364; x_wconf 85' lang='lat' dir='ltr'>nobis</span> <span class='ocrx_word' id='word_1_316' title='bbox 736 4289 893 4363; x_wconf 85' lang='lat' dir='ltr'>omnibus</span> <span class='ocrx_word' id='word_1_317' title='bbox 908 4298 1011 4386; x_wconf 77' lang='lat' dir='ltr'>quim</span> <span class='ocrx_word' id='word_1_318' title='bbox 1033 4293 1207 4376; x_wconf 76' lang='lat' dir='ltr'>diutinum</span> <span class='ocrx_word' id='word_1_319' title='bbox 1233 4297 1419 4386; x_wconf 83' lang='lat' dir='ltr'>conserva,</span> <span class='ocrx_word' id='word_1_320' title='bbox 1441 4295 1534 4392; x_wconf 92' lang='lat' dir='ltr'>quod</span> <span class='ocrx_word' id='word_1_321' title='bbox 1556 4311 1594 4366; x_wconf 89' lang='lat' dir='ltr'>ut</span> <span class='ocrx_word' id='word_1_322' title='bbox 1612 4295 1656 4364; x_wconf 80' lang='lat' dir='ltr'>ita</span> 
     </span>
     <span class='ocr_line' id='line_1_40' title="bbox 434 4387 1656 4486; baseline 0 -22"><span class='ocrx_word' id='word_1_323' title='bbox 434 4391 491 4464; x_wconf 84' lang='lat' dir='ltr'>fiat</span> <span class='ocrx_word' id='word_1_324' title='bbox 506 4389 624 4465; x_wconf 87' lang='lat' dir='ltr'>Deum</span> <span class='ocrx_word' id='word_1_325' title='bbox 640 4387 807 4485; x_wconf 83' lang='lat' dir='ltr'>optimum</span> <span class='ocrx_word' id='word_1_326' title='bbox 822 4389 1008 4466; x_wconf 83' lang='lat' dir='ltr'>maximum</span> <span class='ocrx_word' id='word_1_327' title='bbox 1031 4391 1188 4469; x_wconf 87' lang='lat' dir='ltr'>omnibus</span> <span class='ocrx_word' id='word_1_328' title='bbox 1214 4393 1375 4486; x_wconf 84' lang='lat' dir='ltr'>precibus</span> <span class='ocrx_word' id='word_1_329' title='bbox 1403 4413 1477 4468; x_wconf 90' lang='lat' dir='ltr'>oro.</span> <span class='ocrx_word' id='word_1_330' title='bbox 1522 4387 1656 4464; x_wconf 83' lang='lat' dir='ltr'>Maddti</span> 
     </span>
    </p>
   </div>
   <div class='ocr_carea' id='block_1_3' title="bbox 0 0 1872 5142">
    <p class='ocr_par' dir='ltr' id='par_1_14' title="bbox 0 0 1872 5142">
     <span class='ocr_line' id='line_1_41' title="bbox 0 0 1872 5142; baseline 0 0"><span class='ocrx_word' id='word_1_331' title='bbox 0 0 1872 5142; x_wconf 95' lang='lat' dir='ltr'> </span> 
     </span>
    </p>
   </div>
  </div>
 </body>
</html>
