3736 5142
206 481 290 576 AD
308 466 547 570 WGLIUM
563 449 848 563 miurus
866 463 1225 568 amoremne
1291 482 1379 606 παρ’

147 631 298 734 bsejestas
319 659 365 714 ¹err
393 639 572 712 Arenxues
596 631 751 707 mittebat
773 629 817 705 ad
838 653 895 706 me
922 631 1011 706 duos
1035 629 1184 706 libellos
1203 636 1297 714 oran
1324 645 1370 738 fl,

147 736 259 829 iubens
285 755 325 810 ut
353 731 560 828 Apologiam
590 729 633 801 td
655 749 717 804 eos
737 727 1011 818 conscriberem
1041 727 1137 819 quod
1164 729 1243 804 feci.
1353 741 1366 815 ί

145 832 382 927 Amplitudinis
402 827 523 904 vestre
544 824 674 900 mentio
691 825 814 899 merito
837 841 951 899 contra
976 824 1153 898 edumrdas
1168 825 1285 902 debuit
1305 834 1366 906 fie-

147 928 191 1018 ti,
211 928 361 1004 laboravi
379 941 545 1020 quantum
562 921 674 1017 potui.
721 921 792 996 Sed
812 921 838 993 st
855 922 934 993 Rex
951 920 1116 993 edendam
1137 921 1290 1018 censeat,
1312 928 1363 1000 id·

143 1042 213 1115 que
234 1025 379 1120 suprelso
402 1023 539 1096 nomine
564 1017 735 1108 authoris,
768 1013 850 1089 suafi
874 1033 916 1088 ut
936 1029 1013 1090 ante
1035 1017 1080 1088 ad
1101 1037 1163 1092 vos
1184 1019 1363 1100 iurandum

144 1117 262 1194 rmttat.
306 1121 404 1194 Nam
429 1117 507 1210 plus
531 1115 647 1188 vident
671 1112 767 1186 oculi
781 1117 885 1202 quim
905 1114 1043 1199 oculus,
1068 1111 1105 1183 dt
1122 1115 1218 1207 plura
1242 1119 1362 1192 certio.

13 1237 14 1244 Ν
143 1230 248 1306 tuque
277 1213 406 1288 habetis
428 1216 572 1304 qulme
619 1261 629 1286 .
673 1206 753 1279 Nec
777 1221 901 1300 praeter
928 1207 1196 1301 Amplitudinem
1219 1214 1363 1288 vestram

144 1327 235 1404 opus
253 1309 302 1381 est
320 1323 358 1380 ut
379 1305 550 1476 Quisquam
581 1303 647 1376 ciat
665 1322 723 1374 me
735 1301 911 1380 authorem
928 1301 1014 1392 eiie3
1035 1323 1112 1376 mm
1129 1325 1194 1376 nec
1207 1306 1262 1378 hic
1276 1329 1362 1404 prae-

142 1415 197 1476 ter
221 1406 355 1500 Regem
442 1401 571 1496 Cayam
598 1395 775 1493 quisquam
797 1395 833 1470 id
854 1398 963 1473 nouit.
1011 1397 1048 1472 si
1074 1419 1145 1472 non
1170 1401 1281 1475 mittat
1302 1403 1361 1479 sua

141 1497 321 1592 Maiestas,
344 1521 408 1601 ego
435 1497 478 1572 ad
505 1495 683 1571 dominum
708 1491 920 1570 Cardintlem
936 1494 978 1568 u
997 1495 1266 1590 Amplitudinem
1287 1499 1361 1576 ves-

143 1607 225 1671 tram
243 1597 372 1690 fingula
387 1595 542 1688 exempla
560 1591 661 1668 dabo.

185 1689 308 1765 Scribit
333 1691 377 1766 ad
406 1713 463 1764 me
489 1689 712 1766 illulltiffimus
739 1689 825 1766 Dux
866 1689 1046 1790 aliquoties
1073 1689 1275 1788 Hispanice,
1320 1693 1359 1767 dc

135 1783 289 1877 iubetur
305 1787 426 1863 eidem
440 1785 561 1878 lngus.
573 1785 618 1856 ad
634 1787 668 1858 se
689 1783 827 1858 scnbam
840 1786 957 1876 :quod
975 1787 1076 1858 Facio.
1100 1790 1264 1878 Addens,
1278 1803 1317 1862 ut
1331 1785 1371 1865 st'

137 1882 219 1972 quid
237 1889 296 1958 vel
312 1885 369 1956 hic
384 1895 562 1965 occurrat,
583 1879 643 1949 vel
658 1877 777 1947 isthinc
793 1879 836 1946 ad
853 1897 909 1948 me
926 1879 1131 1966 perferatur,
1177 1883 1248 1952 uod
1265 1882 1359 1954 suam

135 1974 380 2052 Excelientiam
403 1971 539 2047 interest
564 1970 668 2056 stire',
690 1968 734 2040 ad
759 1989 830 2042 rem
850 1971 989 2058 melius,
1013 1971 1063 2042 uti
1086 1904 1271 2058 defiierat,
1301 1990 1359 2064 ge-

134 2073 274 2148 rendam
290 2073 362 2183 ejus
381 2067 486 2163 ipsam
505 2067 610 2139 libere
621 2063 747 2137 seciam
766 2063 944 2139 certiorem
966 2085 979 2134 t
1004 2063 1123 2137 summi
1145 2069 1235 2138 enim
1253 2065 1361 2137 bene-

132 2165 201 2240 ficii
218 2173 296 2240 loco
311 2167 348 2238 td
362 2163 558 2238 habituram.
588 2159 668 2258 Qui
685 2159 857 2233 occasione
880 2175 1015 2246 motus,
1026 2156 1140 2252 scripsi
1157 2161 1236 2234 olim
1254 2167 1359 2254 quim

130 2259 395 2346 modestiffime,
428 2256 543 2334 multis
565 2253 698 2348 ‚optimis
727 2254 858 2343 videri,
889 2254 1049 2332 summam
1078 2255 1291 2350 pacificmdae
1316 2279 1370 2334 ac*

132 2351 333 2427 ordinanda
346 2351 541 2446 reipublicae
557 2349 592 2422 in
609 2349 679 2431 hoc
692 2351 940 2442 consrsicre‚ut
954 2350 1058 2444 gratia
1075 2351 1236 2446 gener-nis
1254 2360 1358 2446 quiam

128 2448 281 2542 primum
300 2449 513 2523 concedamr.
561 2443 691 2540 Etiam
710 2449 789 2538 quia
804 2449 986 2524 nonnullos
1001 2446 1186 2541 nostrates,
1209 2448 1358 2523 summos

129 2545 249 2636 viros,
272 2545 335 2620 elie
352 2546 479 2632 video,
496 2544 644 2638 quinon
662 2545 782 2618 ineam
803 2559 933 2638 partem
948 2544 1189 2640 negociorum,
1212 2567 1280 2640 qua
1297 2545 1359 2618 de-

129 2640 277 2732 berent,
299 2641 334 2714 se
349 2641 479 2713 admitti
493 2641 633 2732 dolent,
654 2661 764 2732 eoque
780 2641 824 2714 de
844 2661 881 2713 re
899 2641 1051 2716 inliteris
1068 2641 1112 2713 ad
1130 2641 1264 2736 Regem
1285 2662 1359 2715 non

128 2735 277 2810 obscure
301 2755 585 2830 conqueruntur:
610 2735 754 2834 cogietvi
772 2757 814 2812 an
831 2758 870 2810 ea
888 2737 932 2808 de
950 2755 986 2810 re
1002 2736 1093 2808 suam
1111 2735 1356 2810 Excellentiam

127 2833 293 2907 deberem
311 2831 618 2907 commonefacere.
662 2831 729 2906 Sed
745 2833 823 2926 post
835 2829 945 2906 visum
963 2829 1012 2905 est
1028 2832 1183 2904 nonnihil
1199 2833 1356 2926 expede-

125 2927 265 3018 re,&,
288 2929 371 3019 quid
385 2930 484 3002 rebus
497 2928 625 3002 bellicis
640 2925 703 3020 jam
717 2929 871 3004 nonnRril
886 2925 1098 3024 compositis,
1122 2925 1278 3002 suenum
1301 2932 1355 3020 fit,

130 3019 319 3118 dispicere,
341 3025 380 3096 dc
397 3047 460 3118 pro
480 3045 515 3096 re
534 3023 707 3098 confilium
727 3045 858 3125 capere.
1045 3053 1050 3062 ·

174 3119 264 3192 Dies
281 3117 361 3193 sunt
378 3121 531 3212 quinque
552 3135 612 3191 aut
636 3118 694 3191 sex
714 3123 810 3214 quod
824 3121 904 3198 Rex
920 3122 963 3194 ad
984 3143 1047 3196 nos
1065 3121 1152 3196 misit
1169 3123 1354 3216 positiones

126 3213 165 3288 dc
178 3216 339 3304 mutulos
364 3215 489 3288 dormni
511 3214 744 3306 Monteniaci,
765 3239 871 3311 quem
893 3217 991 3292 Deus
1009 3216 1112 3310 juvet.
1158 3219 1278 3292 Misius
1300 3217 1353 3290 est

123 3311 168 3383 ad
185 3331 272 3382 eum
297 3309 456 3385 Alraldus
475 3309 635 3405 quidam,
657 3327 697 3387 ut
721 3311 819 3406 super
837 3314 878 3386 iis
902 3333 982 3386 eum
1007 3315 1199 3405 exantinetr
1221 3315 1349 3410 visrque
1383 3315 1386 3322 “

121 3405 201 3480 sunt
214 3405 318 3478 valde
336 3425 478 3500 graves,
501 3405 540 3478 dr
556 3407 652 3479 multi
665 3427 711 3479 ex
727 3407 766 3480 iis
785 3409 950 3502 capitales.

170 3501 268 3573 Sunt
283 3501 414 3591 aliquot
424 3501 634 3594 septimane,
655 3503 748 3594 quod
762 3503 842 3580 Rex
863 3504 943 3578 mihi
962 3499 1170 3598 inperabat,
1193 3509 1366 3603 ut,quid‘

122 3596 205 3688 iuris
220 3594 343 3668 nostris
358 3595 540 3670 ditionibus
555 3618 633 3670 cum
653 3599 759 3674 Gallia
774 3598 874 3687 esset,
899 3621 978 3672 cum
999 3601 1164 3694 lmperi03
1186 3606 1270 3694 quid
1289 3606 1352 3674 cir·

123 3694 220 3765 culus
246 3689 507 3786 Burgundieus,
537 3693 621 3786 quid
646 3693 832 3786 Imperator
858 3691 1002 3764 Carolus
1026 3695 1110 3766 circa
1132 3693 1349 3786 Religionem

125 3787 305 3862 Geminis
330 3787 546 3875 concesserit,
567 3787 608 3859 dc
634 3789 659 3860 ss
681 3809 759 3880 quae
778 3787 930 3858 fontalia
949 3784 1132 3874 eiusmodi,
1162 3785 1350 3882 conscribe-

18 3883 19 3888 ‘
124 3904 197 3958 rem
225 3905 235 3955 r
260 3885 357 3977 quod
380 3883 459 3958 feei.
506 3885 586 3959 Nec
604 3879 713 3953 multo
739 3877 815 3973 post
838 3875 1031 3976 supervenit
1055 3873 1209 3966 scriptum
1230 3875 1348 3952 Cardi-

123 3981 209 4053 nalis
231 3978 329 4074 super
354 3979 427 4074 iure
455 3976 614 4076 imperii,
637 3975 734 4067 quod
756 3995 837 4046 cum
862 3974 945 4046 meis
966 3969 1089 4066 scriptis
1111 3969 1244 4062 prorsus
1268 3995 1348 4049 con·

123 4073 297 4149 sentiebat
344 4077 392 4149 Et
410 4078 490 4171 quia
513 4075 598 4150 inter
622 4087 741 4147 cetera
759 4072 856 4147 etiam
872 4067 1021 4166 iusserat,
1044 4081 1083 4142 ut
1097 4065 1142 4140 de
1164 4067 1348 4146 Bibliothe-

121 4170 194 4257 cis,
219 4187 302 4257 quas
326 4170 385 4241 suu
406 4171 565 4267 blajestas
580 4169 651 4244 istic
677 4171 804 4262 haber,
827 4167 865 4242 dc
886 4165 956 4242 aliis
982 4165 1134 4240 nonnihil
1160 4167 1349 4244 conscribe·

121 4283 224 4352 rem3
246 4259 319 4334 viso
343 4261 466 4357 scripto
487 4287 566 4345 meo
580 4265 773 4359 respondit,
792 4280 912 4360 optare
928 4263 962 4338 se
980 4263 1150 4358 catalogos
1163 4261 1348 4338 Bibliothe-

125 4379 176 4432 cae
195 4355 289 4452 sue,
322 4375 399 4452 quae
421 4365 516 4457 apud
541 4361 810 4459 limpitudinem
833 4360 989 4527 vellrssmi
1002 4359 1075 4450 est,
1096 4377 1162 4431 nec
1186 4381 1257 4434 noo
1275 4359 1350 4450 eius
