3736 5142
465 401 552 473 200
602 375 913 498 JOACHIMI
941 371 1549 479 Houpuutuursroum

575 690 578 696 ,
667 553 1131 677 EPISTOLA
1214 589 1469 673 uxrrr.

506 803 622 886 Ano.
650 794 723 885 Dr
756 791 894 911 gratia
921 793 1094 910 generali
1119 788 1268 907 frustra
1304 745 1687 914 Regenintrrpel·

452 911 511 1000 lat
542 911 767 1028 anperus.
824 906 964 1000 Malta
988 905 1162 1020 privata.

296 1203 303 1216 ’
455 1113 537 1388 §b
558 1216 599 1292 P.
622 1213 751 1317 Quarta
772 1213 824 1290 eil
840 1215 914 1290 lraec
929 1209 1091 1307 epistello,
1111 1209 1318 1286 Reverende
1335 1209 1479 1300 Praesul,
1500 1231 1605 1304 quam
1630 1215 1685 1289 hir

536 1336 577 1389 us
604 1314 660 1400 sex
687 1313 816 1404 septem
842 1311 999 1405 proximis
1023 1309 1067 1382 ad
1094 1306 1362 1398 Amplitudinenr
1391 1303 1533 1380 veslrnm
1559 1309 1684 1386 scribo.

454 1407 527 1482 Cui
551 1431 621 1481 non
647 1409 779 1496 possum
808 1427 877 1478 non
899 1403 1061 1474 martinas
1083 1402 1207 1472 habere
1230 1400 1348 1492 podas
1372 1399 1468 1488 quod
1485 1403 1531 1476 de
1545 1405 1686 1500 fingulis

454 1517 522 1575 tum
538 1501 691 1571 accurate
705 1500 747 1569 ad
767 1519 823 1568 me
840 1495 1035 1588 perscribat.
1074 1495 1129 1563 Ac
1147 1493 1296 1564 maxime
1321 1493 1459 1584 quidem
1481 1513 1545 1589 per
1567 1501 1688 1574 literas

452 1598 494 1665 ad
509 1593 643 1664 XXIV.
660 1587 808 1682 Augusti
825 1585 1030 1658 uuscoducis
1047 1584 1149 1659 dans.
1196 1585 1253 1656 De
1274 1585 1531 1680 Episcopetibus
1549 1591 1589 1666 δι
1609 1596 1688 1667 Ab·

451 1685 545 1760 badis
564 1686 646 1760 nihil
667 1683 779 1755 adhuc
804 1680 917 1753 astum
942 1679 1017 1768 est,
1047 1678 1210 1770 quoniam
1234 1681 1347 1754 triduo
1371 1685 1549 1776 postquam
1564 1687 1688 1763 literae

414 1851 419 1866 ,
451 1783 569 1856 vellrae
585 1777 805 1874 appulissent,
826 1795 912 1869 quas
932 1773 1035 1848 frater
1049 1771 1180 1846 dommi
1196 1773 1396 1849 Nolrcarmii
1412 1781 1615 1871 adferebat,
1636 1785 1688 1856 ul-

454 1877 535 1952 time
556 1872 783 1968 Septembris,
804 1870 957 1943 omnium
980 1869 1128 1940 maximo
1148 1869 1268 1942 dolore
1294 1871 1377 1944 obiit
1398 1875 1527 1966 optima
1545 1875 1686 1972 Regina
1748 1887 1749 1892 '

455 1971 590 2059 nostn3
612 1990 656 2043 ex
674 1987 746 2060 quo
768 1981 921 2058 tempore
935 1961 1014 2036 Rex
1029 1965 1065 2035 in
1078 1961 1325 2040 Monasterium
1346 1969 1518 2061 quoddam
1537 1969 1683 2062 seceffit,

455 2067 517 2146 ubi
537 2065 648 2140 adhuc
665 2063 725 2136 est.
770 2057 908 2135 Vacans
922 2059 1121 2152 inegerit,
1145 2058 1183 2130 dt
1205 2077 1381 2136 vacaturus
1397 2063 1503 2158 usque
1519 2067 1563 2139 ad
1580 2069 1683 2144 fune-

455 2167 532 2240 mlja
548 2159 681 2256 petatio
697 2209 709 2248 ,
733 2177 811 2254 quae
829 2176 899 2232 ens
915 2155 1193 2245 celebrabuntur,
1217 2155 1279 2230 ubi
1295 2157 1484 2253 Episcopus
1499 2159 1682 2242 Cuucherr·

455 2261 498 2337 fis
514 2253 781 2332 concionabitur.

503 2353 567 2428 Uti
586 2351 718 2450 domini
737 2349 927 2425 Dekamrni
949 2364 1113 2440 mortem,
1136 2349 1182 2423 ita
1197 2351 1305 2422 vitam
1326 2351 1531 2447 Eyfingani,
1553 2355 1577 2452 (
1587 2357 1615 2428 si
1631 2355 1683 2432 fat

458 2447 536 2546 est)
554 2450 698 2546 graviter
717 2446 814 2537 fero,·
836 2446 895 2521 nifi
912 2444 1003 2520 sorte
1024 2467 1067 2520 eo
1084 2447 1163 2520 loco
1175 2446 1233 2520 ille
1249 2446 1424 2522 habendus
1441 2448 1509 2538 est,
1530 2465 1570 2524 ut
1585 2471 1679 2525 mors

458 2547 633 2634 solatium,
644 2546 714 2619 vita
725 2541 926 2637 supplicium
942 2543 991 2614 illi
1008 2543 1145 2616 allatura
1158 2543 1323 2617 videntur.
1348 2545 1395 2617 Et
1409 2551 1500 2620 certe
1514 2551 1677 2640 quemad·

457 2642 601 2719 modum
615 2639 817 2734 Amplitudo
833 2639 940 2730 vestra
955 2637 1126 2728 dicit‚vix
1139 2637 1243 2713 video
1256 2640 1395 2732 quinem
1412 2662 1457 2714 ex
1473 2641 1584 2732 nostra
1604 2646 1678 2720 No·
1832 2693 1833 2702 .

442 2739 583 2814 .bilitate
609 2739 644 2812 in
663 2757 781 2823 eorum
803 2737 916 2817 locum
940 2731 1045 2808 suffici
1063 2731 1195 2828 posint.
1242 2734 1334 2810 Nam
1358 2757 1402 2809 ex
1426 2753 1519 2816 tanto
1535 2761 1676 2816 numero

458 2857 603 2923 eorum,
625 2835 684 2928 qui
705 2833 748 2906 ad
766 2831 873 2904 studia
891 2853 912 2906 e
937 2831 1041 2924 patria
1064 2831 1174 2905 nostra
1187 2834 1389 2926 mittuntur,
1412 2837 1572 2928 perpauci
1586 2839 1678 2910 certe

459 2933 503 3007 acl
521 2932 657 3027 frugem
671 2930 896 3026 perveniunt,
917 2948 957 3000 ac
971 2927 1118 3001 maxime
1141 2929 1284 3024 quidem
1300 2929 1417 3022 exiro
1434 2932 1560 3005 ordme.
1604 2927 1674 3004 Sed

459 3051 532 3104 non
549 3027 668 3105 dubito
685 3025 769 3119 quin
792 3023 994 3117 Amplitudo
1011 3023 1118 3098 vestm
1135 3023 1309 3118 diligenter
1329 3023 1476 3119 dispiciet
1497 3025 1580 3118 quid
1602 3023 1674 3100 fieri

459 3123 581 3218 possit,
602 3139 642 3196 ut
658 3121 772 3217 putriae
786 3141 887 3216 quam
904 3121 1030 3214 optime
1049 3119 1249 3195 consulatur.
1661 3190 1667 3201 ,

507 3217 566 3290 De
580 3222 682 3311 gruna
700 3217 846 3309 generes
870 3237 1045 3308 nunquam
1071 3216 1189 3290 cessavi
1205 3218 1337 3311 Regem
1358 3215 1583 3310 interpellare,
1614 3215 1676 3290 sed

458 3327 587 3385 nutum
611 3311 743 3404 profeci
758 3325 923 3410 quantum
945 3333 1010 3384 vos
1028 3311 1135 3386 isthic.
1182 3313 1228 3386 Et
1243 3313 1309 3386 scio
1326 3313 1423 3406 quod
1440 3314 1484 3386 de
1501 3312 1676 3388 Ponticis

459 3407 562 3503 gratia
579 3405 779 3496 Amplitudo
802 3403 909 3477 uestro
933 3406 1034 3494 dicit,
1055 3427 1074 3478 a
1099 3409 1297 3502 quibusdam
1326 3409 1361 3481 in
1382 3407 1557 3498 Consule,
1581 3407 1676 3485 nobis

460 3501 701 3600 presentibus,
722 3501 902 3594 aliquando
920 3499 1018 3592 fuisse
1034 3503 1219 3602 ,agitatum
1238 3503 1297 3580 sed
1313 3526 1385 3578 non
1397 3519 1482 3599 puto
1495 3505 1534 3578 id
1551 3523 1674 3580 moram

460 3601 509 3676 rei
527 3600 651 3674 secere.
697 3597 769 3677 sed
783 3599 851 3670 hoc
870 3597 998 3687 solum,
1016 3601 1115 3694 quod
1132 3624 1202 3674 non
1218 3604 1277 3675 nisr
1292 3602 1402 3695 rigore
1420 3601 1515 3686 omni
1530 3597 1673 3691 penno.

461 3721 505 3775 eo
521 3698 677 3774 censeant
692 3693 974 3792 perveniendum.
996 3694 1045 3772 Et
1059 3696 1242 3772 existimant
1260 3697 1416 3792 plerique
1434 3713 1674 3786 omnes‚nune

461 3799 528 3872 effe
546 3815 680 3891 ternpus
702 3810 743 3868 ut
768 3813 808 3870 ea
825 3794 869 3868 de
886 3791 1170 3888 resuallsajestas
1191 3794 1256 3866 inci
1280 3793 1288 3809 '
1309 3791 1502 3882 teactae,
1522 3813 1562 3864 ac
1580 3789 1679 3865 maxi·

461 3896 518 3964 me
537 3896 674 3986 quidem
691 3893 717 3965 fi
735 3891 818 3984 quid
840 3894 909 3964 laeti
924 3890 1037 3964 nuncii
1061 3892 1227 3966 derebus
1300 3889 1452 3963 rmanicis
1469 3888 1637 3962 adferam
1659 3901 1671 3954 t

462 3987 674 4072 quodetiam
695 3999 795 4075 atque
812 3985 910 4058 etiam
928 3987 1106 4077 speremus.
1345 4033 1348 4038 -
1603 4041 1605 4048 ,

348 4151 355 4161 ,
506 4079 564 4148 De
590 4080 691 4148 literis
716 4074 857 4166 cambis,
880 4077 918 4147 dc
941 4075 1073 4168 reliquo
1095 4082 1236 4175 negotio
1252 4077 1457 4176 Nepotum‚
1478 4079 1540 4172 qui
1558 4094 1676 4152 omnes

463 4169 555 4278 teste
569 4172 701 4260 valent,
723 4167 834 4265 scripsi
845 4171 917 4246 aliis
932 4171 1044 4266 literis.
1090 4173 1184 4263 Cum
1202 4179 1387 4274 quinus&
1402 4175 1597 4264 &dedum
1610 4172 1680 4247 lite·
