3736 5142
280 541 366 630 AD
381 531 617 624 ViGLIUM
632 547 690 616 eu
704 521 913 614 ΑΥΤΤΑ
930 517 1287 636 ZIHCHEMUM
1341 525 1420 638 269

337 735 804 835 EPISTOLA
877 713 1281 852 Lxxxxir

256 956 374 1046 Ate.
403 941 578 1062 Epistola
603 933 784 1052 domestici
809 934 895 1057 feri
923 937 1145 1052 argumenti
1166 936 1368 1054 Happero.

138 1241 144 1250 '
204 1150 281 1342 S.
304 1244 344 1318 P.
370 1237 539 1340 Quoniam
557 1230 714 1310 omnibus
728 1227 772 1304 de
787 1227 919 1320 rebus,
942 1227 1147 1304 Revereode
1172 1225 1323 1320 Praesul‚
1345 1245 1423 1326 pro·

204 1343 272 1420 tue
294 1339 402 1414 scribo
417 1355 477 1430 per
499 1353 577 1406 eum
599 1329 764 1404 cursorem
782 1328 841 1418 qui
865 1325 946 1400 hinc
961 1326 1050 1400 reeta
1071 1325 1115 1398 ad
1139 1347 1203 1400 vos
1224 1328 1424 1421 proficitur,
1542 1409 1544 1414 ¹

204 1459 269 1534 per
285 1441 403 1524 bunc,
425 1430 484 1526 qui
501 1427 543 1501 ad
565 1429 803 1520 Imperatorem
819 1421 987 1512 mittitur,
1012 1423 1050 1496 dt
1065 1423 1208 1496 nostram
1224 1423 1425 1516 duplicatam
1451 1465 1460 1485 κ

203 1533 363 1628 perfert,
385 1549 457 1604 non
472 1525 561 1599 aliud
578 1528 681 1616 quim
702 1521 767 1594 hoc
785 1517 894 1614 ipsum
916 1519 1024 1592 dicam
1041 1540 1055 1610 3
1077 1539 1199 1614 rogans
1222 1521 1426 1614 Amplitudi·

198 1651 282 1730 ¹rtem
303 1627 443 1700 vestrum
459 1623 621 1716 majorem
645 1619 681 1692 in
709 1615 883 1704 modum,
915 1631 954 1690 ut
980 1616 1268 1710 quemadmodum
1289 1617 1424 1710 semper

202 1723 313 1811 fecit,
334 1741 474 1796 uxorem
502 1715 627 1792 hortari
648 1736 718 1788 non
740 1713 897 1798 desmat,
928 1730 969 1783 ut
994 1717 1097 1802 quim
1121 1713 1266 1807 primum
1290 1713 1360 1788 huc
1381 1715 1425 1792 ad

202 1843 265 1897 nos
276 1819 312 1892 se
331 1817 482 1888 conferat
498 1863 511 1898 ,
533 1833 599 1882 nec
615 1822 691 1880 ante
711 1805 843 1876 defistot
860 1808 963 1890 quim
987 1805 1183 1881 itt-omnino
1202 1807 1393 1898 perfecerit.

188 1949 191 1954 ¹
251 1908 484 1988 utustn'ffimus
504 1904 588 1976 Dux
612 1897 774 2002 perimite
795 1895 915 1968 adme
943 1896 1078 1982 scribit,
1100 1896 1133 1967 se
1161 1899 1249 1972 iilam
1274 1905 1428 1980 omnibus

204 2008 330 2090 rebus,
352 2002 472 2097 quibus
493 2018 581 2091 opus
596 1994 683 2081 erit,
706 1991 924 2084 adruturum3
945 1991 1039 2078 quod
1061 2009 1131 2059 non
1150 1989 1268 2062 dubito
1285 1997 1370 2086 quin
1387 2001 1427 2072 fit

205 2104 367 2180 initurus.
415 2094 532 2172 Scribo
562 2089 680 2179 uxori,
716 2085 900 2160 consultius
922 2083 1004 2158 mihi
1030 2083 1137 2158 videti
1162 2102 1201 2159 ut
1222 2090 1303 2160 mari
1322 2097 1428 2184 quam

206 2194 451 2280 terrimotu,
476 2191 512 2261 dt
533 2207 612 2262 ante
632 2185 800 2278 Reginam
824 2180 963 2276 potius,
987 2185 1089 2270 quim
1109 2179 1144 2253 in
1166 2181 1239 2278 ejus
1256 2189 1426 2264 comitatu.

208 2293 316 2404 Quod
344 2288 524 2364 tamenim
553 2282 661 2358 uelim
686 2279 817 2374 accipi,
850 2277 910 2350 nist
936 2273 1159 2369 Amplitudini
1185 2279 1303 2356 vestre
1332 2287 1428 2364 aliter

206 2390 369 2462 vrdeatu:
417 2381 464 2456 Et
489 2383 621 2456 srmnta
648 2377 722 2473 ejus
741 2375 790 2448 est
810 2373 966 2449 timidius
991 2391 1028 2466 ut
1053 2373 1119 2446 sota
1141 2373 1256 2450 venire
1278 2400 1350 2452 non
1369 2403 1427 2456 au-

207 2485 309 2574 deat,
331 2482 414 2556 nihil
429 2479 553 2554 dubito
573 2475 656 2570 quin
676 2471 877 2548 adveniente
895 2470 1030 2564 Regini
1047 2469 1144 2544 facile
1165 2471 1253 2546 illam
1271 2477 1428 2552 extrude-

207 2563 1426 2763 :ittutudit{diuitiarutititttitreiut

203 2751 206 2756 .
588 2721 602 2758 9
1312 2737 1316 2746 Ι
1412 2707 1429 2728 ι

208 2789 260 2848 tet
276 2790 378 2846 omne
397 2766 546 2842 officium
570 2763 740 2839 fauturum
765 2784 775 2833 ε
799 2760 889 2854 apud
908 2779 1011 2852 quem
1036 2755 1206 2832 difficilem
1227 2763 1367 2855 amplius
1392 2765 1427 2839 se

208 2867 380 2962 praebere,
405 2881 443 2938 ut
464 2863 560 2957 spero
580 2861 772 2946 verebitur3
794 2876 985 2952 quanquam
1000 2852 1079 2927 vifis
1100 2855 1185 2930 mets
1204 2857 1307 2933 literis
1327 2863 1429 2956 plane

208 2964 349 3038 confido
366 2961 465 3034 etiam
487 2960 577 3032 ultro
591 2959 631 3030 ‘in
649 2957 735 3028 viam
751 2955 783 3028 se
806 2954 968 3025 daturam.
1154 2961 1158 2970 '

255 3060 334 3134 Rex
354 3059 421 3130 hoc
445 3057 583 3148 vespere
606 3073 649 3126 ex
669 3072 749 3145 agro
767 3052 801 3122 in
823 3048 941 3122 urbem
956 3046 1151 3138 revertitur;
1172 3047 1334 3144 speroque
1356 3065 1429 3132 tarr-

208 3156 286 3230 dem
312 3153 396 3229 serio
413 3173 550 3226 manum
565 3169 628 3224 nos
647 3149 746 3222 rebus
769 3145 995 3218 admolitutos.
1044 3141 1140 3216 Bene
1156 3147 1252 3236 vale,
1275 3168 1429 3222 reveren·

208 3255 254 3324 de
277 3247 397 3324 Praesul
411 3269 451 3320 ac
467 3263 629 3341 patrone,
653 3243 690 3316 de
711 3241 899 3316 suaviffimo
917 3239 983 3312 hoc
1005 3239 1101 3327 oti0,
1123 3243 1218 3332 quod
1240 3243 1341 3316 Deus
1357 3260 1428 3319 tan.-

210 3347 290 3419 dem
317 3344 434 3433 dedit,
456 3341 600 3418 suaviter
619 3343 761 3428 fruere,
785 3337 958 3411 Cordubae
977 3356 1012 3427 4.
1033 3333 1156 3427 Aprilis
1182 3357 1286 3433 1570.
1311 3341 1430 3415 Reve-

209 3443 323 3611 findae
361 3437 594 3534 amplitudinis
629 3433 748 3520 uestrae
785 3429 1002 3527 paratiffimue
1038 3429 1176 3509 servitor
1210 3439 1428 3532 Jorcfflrrue

248 3555 417 3611 uerutus.

322 3725 786 3818 EPISTOLA
865 3723 1316 3806 LXXXXIII.

204 3905 210 3914 ⁸
264 3937 381 4026 Ano.
411 3935 507 4024 Rex
519 3917 774 4044 pollicitusse
797 3915 965 4012 auorum
989 3915 1208 4034 Hispalide
1229 3917 1346 4012 toties
1359 3952 1436 4016 exv
1520 4015 1523 4020 ,

203 4050 344 4162 potitis
371 4037 688 4135 remunerationii
736 4097 747 4118 .
807 4118 816 4170 ‚z

12 4285 14 4316 ι
208 4235 295 4434 8
317 4334 358 4408 Ρ.
383 4335 554 4434 Quoniam
571 4333 627 4408 hic
647 4304 774 4406 Cursor
791 4323 939 4400 thirem
954 4327 1087 4402 it'extra
1110 4328 1294 4415 ordinem,
1317 4289 1429 4403 Reve-

12 4467 14 4500 e
214 4431 320 4508 rende
335 4430 459 4510 Praesul
476 4484 491 4526 ,
511 4425 766 4526 extraordinarie
784 4441 924 4520 quoque
946 4423 1015 4496 hoc
1032 4424 1070 4498 dt
1093 4423 1237 4500 breuiter
1260 4423 1431 4515 scribam
