3736 5142
255 495 340 581 nn
363 483 599 580 vrorunr
620 483 903 573 marren
921 484 1271 589 zurcrrnuunr.
1328 527 1411 627 ²77

237 647 343 746 Quod
360 645 404 716 de
423 644 499 718 liliis
521 658 589 714 tam
605 643 713 716 amice
728 662 767 715 ac
784 645 882 735 plane
900 649 1036 738 patente
1051 698 1065 736 ,
1086 661 1126 722 ut
1143 650 1301 748 semper,
1324 663 1411 741 Am,

189 743 320 838 plitudo
344 742 453 814 vestra
471 737 571 811 offert
591 790 604 825 ,
626 759 698 811 non
717 737 849 832 polium
874 763 943 814 non
970 744 1126 818 omnibus
1155 751 1264 824 modis
1290 775 1412 853 accep«

189 855 268 912 tare.
315 837 395 910 Nec
414 836 490 908 sane
513 832 660 907 omittam
677 835 761 925 quin
777 839 876 926 quarn
900 840 1043 930 primurn
1064 839 1248 918 Lovanium
1277 870 1335 924 cos
1362 877 1413 927 re-

188 936 342 1022 mittam,
366 931 424 1005 ubi
435 931 579 1022 primurn
596 950 666 1001 non
682 929 766 1029 'nilrss
782 930 927 1005 indolem
944 954 1060 1006 eorum
1075 957 1254 1032 cognoro,
1277 945 1314 1016 dt
1326 970 1410 1040 prae.

189 1029 294 1120 ceptis
319 1027 519 1118 quibusdam
546 1025 717 1118 paternis,
739 1045 884 1115 quorum
904 1049 964 1121 per
987 1047 1092 1104 toturn
1119 1033 1219 1108 vitam
1247 1057 1438 1122 memores.

189 1125 255 1196 srnt
273 1175 286 1210 ,
307 1121 388 1194 Deo
411 1120 615 1210 adjuvante,
645 1119 809 1194 imbuero,
856 1121 1037 1216 Facietque
1061 1126 1199 1202 fortaffis
1221 1135 1347 1227 aliquid
1366 1141 1414 1215 adi

192 1213 263 1290 rem'
283 1216 452 1308 praesentia
465 1236 582 1287 eorum
607 1230 647 1286 ut
672 1219 764 1288 tantb
789 1215 884 1290 citius
902 1221 944 1291 ab
972 1221 1072 1316 Rege
1099 1223 1160 1297 illis
1181 1229 1410 1324 prospiciatur.

192 1317 248 1386 Ac
266 1315 430 1402 quantum
455 1313 496 1384 ad
511 1309 590 1384 filias
604 1310 721 1382 attinet
742 1362 756 1399 ,
778 1311 855 1384 sane
871 1318 971 1389 velim
995 1318 1078 1410 ipsas
1093 1315 1158 1410 jam
1184 1343 1274 1398 nunc
1292 1330 1412 1406 hones-

193 1413 227 1480 te
252 1409 438 1483 collocatas.
481 1405 559 1479 Nec
578 1407 653 1480 sane
669 1423 752 1498 puto
770 1405 958 1486 defuturam
982 1415 1192 1490 occasionem
1205 1419 1249 1491 de
1268 1423 1415 1502 honesto

192 1503 304 1594 aliquo
331 1524 468 1576 munere
487 1503 523 1574 iis
550 1502 776 1594 providendi,
799 1505 858 1595 qui
874 1508 941 1579 illas
963 1524 1117 1600 peterent
1141 1529 1197 1586 aut
1218 1516 1410 1612 ducerent,

188 1598 256 1670 live
276 1597 310 1669 in
329 1598 427 1671 Frifia
448 1599 483 1671 id
500 1597 579 1670 esset
595 1599 683 1692 (ubi
703 1598 778 1672 sane
796 1604 973 1678 nonnullos
989 1605 1032 1678 de
1049 1607 1130 1679 meis
1151 1607 1272 1704 degere
1288 1619 1413 1715 velim)

185 1693 252 1766 five
268 1693 367 1766 alubi.
416 1694 507 1768 Nam
525 1698 687 1785 qruntbm
706 1696 748 1768 ad
765 1697 933 1786 Reginam
956 1702 1125 1792 pertinet,
1148 1705 1239 1781 haud
1258 1712 1326 1786 scio
1344 1737 1410 1808 an,

188 1787 312 1863 etiamsi
333 1789 405 1859 fieri
420 1793 555 1876 posset,
579 1809 623 1855 err
641 1810 676 1856 re
697 1789 839 1882 ipsarum
859 1792 936 1860 effer
954 1797 1046 1883 apud
1067 1799 1154 1867 illam
1170 1823 1224 1873 cas
1242 1812 1414 1886 collocari..

234 1884 326 1956 Bene
349 1882 429 1952 facit
453 1877 655 1967 Amplitudo
676 1877 812 1965 vestra,
835 1883 928 1968 quod
959 1886 1021 1976 Jus
1042 1888 1288 1970 Nominationis
1313 1901 1413 1974 Corr-

189 1978 250 2049 srlii
262 1973 506 2046 Mechliniensrs
524 1989 591 2040 tarn
608 1971 783 2062 diligenter
803 1987 925 2072 tuetur.
973 1975 1083 2050 Tanta
1101 1983 1191 2053 eninr
1210 1991 1414 2075 quibusdam

190 2069 380 2144 hominibus
396 2068 557 2161 cupidius
575 2063 660 2136 inest
684 2065 868 2140 innovandi
896 2072 1035 2160 omnia,
1059 2092 1122 2162 ut,
1154 2079 1212 2152 nisr
1238 2081 1412 2164 sortiffime

189 2168 229 2238 iis
242 2164 451 2251 resistantur,
466 2165 508 2234 ad
523 2159 618 2232 suum
633 2162 801 2234 arbitrium
819 2165 940 2237 cuncta
955 2167 1129 2242 videantur
1143 2181 1307 2256 mutaturi.
1332 2183 1416 2282 Qua
1522 2205 1527 2212 ·

190 2263 236 2334 de
261 2260 348 2333 re&
372 2258 538 2332 Dominus
557 2255 741 2329 Cardinalis
758 2257 869 2332 noster
884 2265 1047 2336 nonnihil
1074 2267 1118 2338 ad
1138 2291 1192 2342 me
1217 2269 1336 2351 sc'ribit.

239 2353 452 2448 Hucusque
481 2355 523 2428 ad
547 2353 656 2426 literas
686 2355 924 2448 Amplitudin'u
953 2355 1071 2434 vestrae
1100 2363 1255 2456 respondi
1280 2392 1290 2441 r
1315 2395 1412 2448 nune

189 2451 334 2546 paucula
352 2451 395 2524 de
415 2451 532 2526 nostris
556 2445 731 2540 subjiciam.
779 2449 856 2524 Nos
871 2452 997 2528 XVIII.
1020 2457 1103 2530 Maii
1118 2481 1161 2532 ex
1181 2461 1304 2558 Hispali
1332 2492 1412 2563 pro-

187 2547 305 2634 fecti,
328 2565 498 2642 totamque
516 2547 666 2618 beticam
690 2543 881 2640 Hispaniam
908 2570 1150 2648 peragrantes,
1180 2563 1312 2638 tandem
1337 2569 1417 2638 Ma·-

100 2693 107 2704 .
190 2643 315 2714 d'ritum
334 2643 422 2716 circa
437 2645 516 2716 XX.
539 2641 657 2737 Junii‚
680 2639 747 2714 Dei
763 2664 860 2735 ope,
883 2647 1070 2738 rediimus,
1093 2651 1159 2725 sani
1180 2675 1219 2726 ac
1238 2657 1316 2732 salvi
1335 2683 1409 2734 onr-

190 2757 272 2826 nes,
294 2737 351 2812 nisr
367 2739 459 2828 quod
478 2737 534 2831 qui
549 2759 613 2830 pro
630 2735 815 2828 Capeliano
833 2739 913 2812 mihi
927 2743 1086 2816 seruiebat
1104 2798 1117 2834 ,
1141 2749 1264 2842 Hispali
1284 2755 1414 2830 tridua«

189 2855 237 2907 no
256 2832 422 2906 extinctus
440 2835 516 2922 cll,
539 2835 596 2906 ubi
612 2833 713 2908 nostri
739 2850 937 2910 mercatores
959 2839 1205 2932 perhonorifice
1229 2868 1284 2919 me
1311 2872 1415 2925 exce‹

214 2946 323 3005 erunt.
1160 3010 1164 3018 .

188 2949 212 3024 p
237 3025 316 3098 Rex
333 3024 368 3096 in
383 3025 492 3098 reditu
511 3045 600 3118 pone
618 3048 673 3099 me
690 3027 819 3122 semper
837 3027 928 3124 sequi
951 3030 1065 3125 juffit,
1089 3031 1245 3132 saepeque
1267 3059 1321 3115 me
1341 3067 1403 3118 vo·

191 3121 280 3192 cavit
304 3121 348 3192 de
368 3121 462 3192 variis
477 3123 578 3192 rebus
600 3128 878 3215 communicem,
901 3148 939 3198 ac
955 3131 1099 3204 maxime
1121 3133 1257 3223 quidem
1281 3139 1325 3210 de
1343 3161 1407 3234 gu-

190 3215 439 3290 bemationibus
459 3215 665 3307 usensis,
689 3220 732 3293 de
750 3221 873 3314 quibus
890 3222 1014 3315 aliquid
1032 3245 1122 3300 nunc
1140 3229 1269 3304 fortasse
1288 3232 1408 3308 statue·

190 3327 258 3385 tur.

239 3407 296 3478 De
323 3407 532 3480 mercedibus
558 3414 708 3482 accurate
736 3432 791 3485 me
817 3416 927 3488 omnia
956 3410 1139 3494 describere
1164 3422 1220 3496 sua
1254 3425 1408 3517 Maiestas

191 3497 309 3590 jussu,
332 3502 416 3590 quid
434 3504 488 3572 cui
510 3503 655 3576 dandum
673 3505 824 3581 videatur
842 3564 854 3598 ,
877 3511 980 3604 idque
995 3511 1154 3588 divisone
1172 3521 1323 3594 omnium
1343 3523 1405 3596 bo-

190 3615 313 3668 norum
338 3594 587 3671 confiscatorum
607 3601 641 3672 in
660 3621 802 3694 quatuor
817 3625 924 3697 partes
948 3605 1058 3696 salid3
1081 3632 1124 3682 ex
1150 3613 1274 3702 quibus
1299 3616 1413 3704 prima:

189 3711 308 3796 eorum
325 3691 404 3778 est,
429 3713 505 3783 quae
524 3696 717 3769 reservanda
744 3719 804 3788 per
824 3701 915 3769 suam
941 3699 1178 3788 Majestatem,
1202 3705 1238 3776 st
1263 3707 1306 3775 ad
1331 3705 1405 3776 Do·

55 3791 64 3816 ·
188 3785 336 3861 munium
356 3787 426 3880 eius
452 3795 619 3880 perpetuo
642 3791 835 3878 applicanda
857 3789 1026 3861 videntur.
1074 3795 1229 3864 Secunda
1255 3815 1371 3868 eorum
1393 3851 1415 3887 ,.

191 3903 265 3972 quae
282 3883 400 3958 Ordini
416 3883 521 3954 Aurei
539 3882 681 3954 Velleris
697 3881 823 3952 debent
838 3879 993 3974 applicari
1012 3932 1024 3966 ,
1048 3897 1085 3952 ut
1108 3906 1169 3976 per
1189 3887 1325 3962 modum
1343 3915 1411 3968 no-·

190 3999 312 4050 vorum
336 3979 517 4052 feudorum
532 3976 573 4047 ad
588 3977 689 4047 vitam
711 3975 866 4068 Equitio,
883 3976 919 4047 dc
937 3965 1144 4053 Officialibus
1162 3981 1248 4057 illius
1264 3986 1410 4082 ordinis,

190 4089 209 4140 a
228 4074 327 4165 Rege
353 4076 574 4147 conferuntur.
622 4073 734 4145 Tertia
758 4093 905 4160 eorum,
928 4088 1004 4163 quae
1025 4095 1116 4150 novo
1141 4079 1261 4154 cedent
1284 4082 1412 4162 Ordini.

190 4166 312 4236 minori
330 4189 349 4252 ,⁵
366 4170 476 4242 Sancti
494 4170 636 4244 Andreae
652 4167 783 4240 sortasse
797 4171 852 4241 vel
873 4169 1013 4262 Philippi
1032 4225 1044 4261 ,
1062 4187 1100 4245 ut
1119 4174 1156 4247 dt
1175 4176 1243 4270 ipsa
1260 4201 1320 4272 per
1335 4185 1402 4258 for-

190 4279 278 4330 mam
305 4281 474 4338 novorum
490 4266 681 4339 Feudorum
696 4265 737 4336 ad
757 4265 856 4338 vitam
876 4268 996 4340 dentur
1012 4269 1029 4342 i
1047 4267 1103 4341 sua
1124 4273 1294 4366 Maiestate
1317 4277 1409 4350 illiue

192 4353 531 4451 OrdinIsEqulribus.
579 4363 705 4460 Quarta
722 4381 838 4436 eorum
863 4383 938 4456 quar
959 4363 993 4440 in
1010 4365 1257 4458 pollessionibus
1274 4387 1330 4442 aut
1348 4391 1416 4464 pa·-
