3736 5142
426 398 510 494 aa
560 384 861 516 Jororrmrr
888 327 1524 498 norrunr‘rrrrsrorm

423 557 603 636 rendiffimi
625 553 782 649 Episcopi
801 551 1066 626 Buscoducerrsb
1091 551 1294 646 postulatis,
1315 569 1392 643 quae
1416 557 1554 632 minime
1576 557 1640 636 ini-

421 651 492 751 qui
509 655 587 727 mibi
598 654 776 738 videntur,
790 668 861 723 turn
878 670 1019 744 quoque
1030 669 1151 744 mam,
1174 650 1379 741 scribamque
1392 651 1435 724 ad
1449 651 1559 745 ipsum
1576 679 1642 751 per

421 773 499 824 eum
517 771 619 844 quem
642 748 748 822 modo
765 747 843 820 dixi

469 848 630 922 Sabinum
646 845 800 918 Domino
821 839 914 916 Duei
931 863 994 934 per
1012 842 1120 915 literas
1135 863 1227 916 nunc
1248 863 1391 937 quoque¹
1409 845 1638 940 commendo,

421 941 460 1014 tlt
480 943 579 1015 abiis
598 963 674 1034 quae
687 939 889 1030 Amplitudo
903 938 1010 1011 vestra
1029 938 1110 1009 dicit
1125 939 1230 1012 laudo
1252 991 1265 1028 ‚
1287 960 1477 1032 quanquam
1494 965 1548 1018 tes
1566 944 1639 1018 fot-

419 1039 495 1111 tasse
519 1036 584 1132 jam
608 1041 671 1111 erit
689 1033 867 1126 consessa3
889 1035 984 1126 quod
1006 1035 1115 1128 spero.
1145 1033 1214 1108 Sed
1230 1036 1405 1108 abundans
1424 1045 1550 1114 otutelr
1565 1061 1639 1115 non

419 1153 535 1208 nocet.

467 1231 523 1304 De
540 1229 642 1323 gratia
665 1228 808 1323 generali
832 1241 996 1322 quantum
1013 1225 1069 1300 hic
1087 1225 1331 1316 laboraverim,
1353 1227 1545 1302 incredibile
1562 1251 1643 1324 pro·
1761 1247 1773 1264 ·

419 1346 464 1420 pe
490 1327 583 1400 diciu
608 1325 677 1414 eli3
700 1326 738 1397 δι
761 1325 795 1397 ni
811 1345 871 1416 per
894 1344 951 1394 me
973 1321 1104 1396 sosium
1129 1325 1241 1411 esset,
1264 1325 1435 1396 crederem
1459 1327 1516 1398 vis
1535 1346 1640 1418 quen·

419 1424 737 1512 quammorralium
761 1421 834 1509 ejus
857 1415 971 1490 fmstu
1002 1421 1095 1505 posse
1120 1417 1279 1508 gaudere
1326 1421 1381 1491 Ac
1400 1435 1567 1514 quantum
1595 1424 1640 1495 ad

413 1515 501 1588 duos
520 1514 675 1584 articulos
690 1533 753 1600 per
770 1507 1041 1600 Amplitudinem
1065 1511 1205 1584 vestram
1225 1527 1357 1585 notatos
1381 1517 1516 1603 attinet,
1539 1517 1642 1589 suere

414 1605 488 1694 illi,
513 1608 613 1679 etiam
633 1605 787 1676 Domino
812 1602 970 1692 Tysnaco
995 1602 1108 1673 adbuc
1133 1603 1321 1695 presente,
1343 1629 1366 1698 p
1425 1611 1524 1682 criter
1542 1617 1641 1685 bno-

414 1700 465 1773 bis
490 1698 706 1793 oppugnare
727 1695 786 1769 sed
808 1715 921 1788 neque
947 1709 1029 1768 tunc
1057 1717 1170 1788 neque
1199 1701 1275 1790 post
1304 1703 1363 1793 qui
1387 1723 1489 1813 quam
1517 1707 1643 1797 prosrci

412 1801 537 1890 potuit
583 1794 668 1866 Non
691 1793 838 1864 desinam
856 1807 972 1862 tamen
996 1791 1079 1880 quin
1097 1793 1213 1865 denuo
1242 1794 1393 1868 officium
1418 1797 1564 1890 sucum,
1601 1804 1638 1876 bt
1790 1829 1795 1836 ·

413 1912 520 2060 ‘1⁰32
538 1886 1102 2092 ppgggglplpssmsg’gffileianoJffim
1109 1942 1193 2055 slerr
1216 1999 1253 2056 ut
1279 1990 1381 2078 quim
1399 2003 1520 2080 potero
1541 1995 1636 2064 accu-

417 2083 571 2158 ratissime
593 2079 761 2164 reseram,
785 2072 822 2148 bt
839 2075 962 2170 quibus
987 2003 1215 2151 sundamentis
1240 2082 1385 2171 nitatur,
1410 2103 1586 2178 exponam.

463 2177 630 2271 Reginam
651 2174 714 2269 jam
738 2175 894 2268 navigare
914 2191 1032 2245 omnes
1057 2173 1249 2267 speramus,
1274 2176 1310 2248 &
1330 2179 1366 2249 in
1388 2180 1457 2270 ejus
1475 2184 1630 2254 comitatu

415 2293 526 2349 meam
545 2291 684 2366 quoque
713 2289 856 2343 uxorem
880 2289 920 2342 ac
940 2267 1122 2360 familiam,
1145 2269 1189 2342 de
1213 2289 1286 2363 quo
1312 2295 1384 2348 non
1407 2278 1536 2372 polium
1562 2297 1633 2354 non

417 2371 642 2466 Amplitudini
660 2367 779 2440 vestrae
792 2367 890 2438 etiam
907 2383 1010 2458 atque
1028 2367 1125 2439 eriam
1152 2367 1275 2442 habere
1293 2369 1435 2464 gratias,
1456 2374 1549 2466 quod
1569 2391 1636 2450 tarn

415 2466 552 2540 sollicite
582 2486 693 2539 curam
725 2461 810 2534 illius
835 2461 990 2556 gesserit,
1014 2461 1208 2554 Comitique
1239 2467 1283 2540 de
1312 2465 1413 2540 Bolsu
1447 2489 1518 2543 eom
1539 2491 1632 2546 com-

415 2564 589 2637 mendarit.
635 2561 715 2632 Misr
735 2559 780 2631 illi
798 2561 936 2632 obviam
955 2557 998 2629 ad
1019 2577 1110 2630 mare
1131 2560 1237 2651 usque
1264 2561 1411 2636 famulos
1439 2565 1476 2638 ἀ
1495 2587 1634 2660 equos,

415 2659 590 2755 mulasque
610 2677 688 2729 cum
709 2671 892 2749 carpento,
915 2655 1019 2728 itaut
1042 2653 1197 2748 sperem,
1219 2657 1280 2732 ubi
1299 2659 1502 2752 advenerit,
1522 2679 1633 2755 parare

414 2756 531 2842 omnia
547 2758 768 2828 inventuram
1032 2773 1035 2784 ·

430 2865 433 2872 ·
459 2853 617 2944 Nepotes
640 2845 910 2922 salmanticenses
929 2865 1008 2920 curn
1026 2844 1233 2924 Dekamtnis
1254 2847 1434 2926 obituum
1456 2855 1548 2948 apud
1575 2877 1633 2930 me

413 2946 575 3039 suentnt3
607 2945 806 3039 semperque
836 2945 982 3038 pecunia
1006 2949 1027 3017 l
1049 2943 1296 3019 Mercatoribus
1319 2969 1391 3022 non
1416 2951 1521 3022 multa
1546 2952 1634 3034 resse

412 3041 634 3119 Barcinorram
656 3062 718 3136 per
736 3041 925 3132 Valentiam
946 3037 1214 3134 profectione,
1236 3046 1385 3137 acceptis
1409 3044 1511 3118 literis
1537 3065 1629 3118 com·

412 3141 616 3216 mendatitiis
638 3145 658 3214 i
678 3141 829 3234 Sagunto
847 3137 988 3226 nostru,
1012 3133 1149 3228 quicar
1172 3139 1415 3230 perluculentas
1441 3139 1563 3230 scripsit
1582 3143 1629 3216 ad

412 3234 587 3308 Comitem
615 3235 896 3310 Beneventanum
921 3233 1189 3326 Vite-Regem,
1219 3233 1315 3325 cujus
1341 3233 1401 3324 jam
1429 3234 1628 3327 responsum

411 3330 483 3404 vidi
505 3331 552 3404 de·
566 3331 627 3404 iliis
643 3333 893 3422 perhumaniter
913 3329 1086 3418 tracians,
1109 3328 1145 3402 ἀ
1168 3349 1246 3400 cum
1268 3325 1356 3421 justo
1377 3331 1564 3424 comitatu,
1584 3356 1631 3410 ne

407 3427 494 3521 quid
523 3427 663 3520 periorli
695 3431 714 3498 lt
749 3427 967 3518 pradonibus
989 3427 1059 3513 fit,
1090 3423 1234 3499 dimillis.
1282 3425 1341 3500 Ab
1373 3427 1449 3524 ipsit
1478 3431 1632 3504 nonum

409 3525 592 3620 quidquam
615 3522 756 3611 accepi,
778 3521 835 3594 sed
850 3521 996 3615 expecto
1019 3520 1127 3596 indies
1145 3539 1188 3594 ex
1211 3521 1403 3598 Bucinum
1421 3525 1518 3616 ,obl
1547 3525 1632 3602 Orn-

407 3635 520 3695 torem
536 3621 707 3695 Venerunt
721 3615 758 3691 in
782 3617 1150 3706 intumescentem,
1171 3617 1365 3706 invenient,
1389 3624 1445 3696 cui
1462 3640 1522 3696 eor
1535 3643 1630 3696 corn·

401 3719 570 3794 -merrdtvi
594 3745 602 3788 :
624 3713 749 3809 illeque
768 3717 879 3792 omnia
896 3717 1103 3810 perlibenter
1123 3715 1278 3808 promisit.
1325 3717 1379 3786 Ac
1397 3716 1448 3789 eil
1463 3716 1518 3788 iric
1539 3735 1628 3806 quo·

407 3835 478 3906 que
496 3815 623 3892 Comes
642 3813 813 3909 Prosper,
837 3814 992 3889 Domioae
1014 3813 1159 3886 Dociliae
1189 3810 1366 3886 Patrnensrs
1391 3811 1627 3899 (Economtm

409 3931 481 4000 quo
502 3913 689 3985 amiciffime
715 3927 821 4000 utor,
850 3913 909 4002 qui
932 3931 1034 4004 quarn
1057 3909 1298 4002 dilgentiffime
1322 3903 1419 3982 Matri
1443 3906 1480 3979 bt
1509 3906 1625 3980 amicis

344 4049 350 4064 ·
408 4021 478 4166 eoi}
488 4005 762 4093 commendavit,
786 4005 823 4078 br
845 4006 1021 4094 Domum,
1043 4025 1147 4097 quam
1173 4005 1284 4079 Pavioe
1303 4005 1425 4095 babet,
1456 4001 1536 4096 ipsis
1556 4002 1630 4076 dari

423 4117 444 4168 u
470 4111 505 4166 rr.

408 4117 421 4198 ι
456 4188 714 4266 Elemoslnarr'us
733 4191 787 4264 lrlc
802 4190 901 4270 valde
918 4211 974 4267 me
994 4197 1073 4270 ursrt
1089 4212 1129 4272 ut
1153 4196 1245 4272 mille
1268 4211 1409 4272 centum
1427 4197 1559 4290 regales
1582 4217 1633 4272 ar·

409 4305 553 4392 gentem
576 4287 794 4390 acciperem,
819 4285 960 4386 isticque
986 4289 1130 4372 meon
1156 4295 1330 4378 Montano
1363 4293 1631 4388 perscriberem,
