3746 5142
473 491 559 560 rra
617 463 937 582 Joacrarmt
969 465 1253 592 norbani
1284 465 1614 558 nrrsronm

466 629 591 711 riatur,
615 641 674 706 ut,
699 623 857 694 stomnea
875 619 988 694 omniu
1004 620 1346 706 condiaconorum,
1368 623 1481 696 auxilii
1497 626 1577 698 nibil
1594 627 1690 705 adit·

469 741 553 800 rant.
600 715 705 812 Quod
728 714 802 787 sune
820 717 938 802 exiis,
961 737 1038 808 quae
1055 720 1294 790 nonnullorum
1323 717 1424 790 literis
1448 720 1516 792 buc
1536 729 1691 814 quotidie

467 815 737 909 perscribuntur,
760 813 977 885 vehementer
995 831 1118 886 metuo.
1167 813 1254 912 Que
1275 811 1434 904 quidem,
1456 821 1585 891 tametli
1604 843 1690 898 notr-

463 909 567 986 nullis
588 909 631 980 nd
648 911 914 1000 tranquillitatem
938 907 974 980 dt
990 909 1096 980 otium
1116 909 1261 1000 spectare
1284 909 1480 998 videantur,
1502 915 1585 986 mihi
1608 939 1688 991 con·

466 1018 516 1079 tra
534 1006 695 1080 videntur
712 1006 895 1100 ejusmodi,
908 1005 1051 1096 ut,post
1070 1005 1219 1078 eversam
1234 1003 1449 1096 Religionem
1463 1007 1686 1106 Catholicam,

393 1175 398 1186 ,
460 1101 504 1176 dt
520 1103 694 1176 adversam
708 1103 939 1190 conitiorum,
961 1099 1005 1173 ad
1029 1121 1102 1170 eum
1119 1101 1311 1173 firmandam
1333 1121 1372 1170 ac
1393 1103 1685 1184 constabiliendae

463 1202 652 1294 pertimm
678 1223 688 1272 ι
718 1221 827 1294 eoque
850 1197 1001 1272 titiones
1022 1199 1252 1290 precedentes
1273 1217 1393 1269 ornnes
1421 1198 1594 1292 speeiaiie,
1627 1225 1685 1298 ut,

465 1296 619 1389 patendo
638 1298 730 1384 quod
745 1295 921 1370 manifeste
937 1293 1089 1387 iniquum
1106 1293 1206 1382 effer,
1227 1293 1262 1365 id
1281 1293 1375 1384 quod
1389 1295 1559 1385 opinionis
1574 1321 1684 1378 errore
1841 1319 1843 1376 ;

462 1413 601 1485 aequum
621 1393 681 1462 srbi
701 1393 895 1478 linxerunt,
919 1393 1143 1480 impetrarent.

511 1487 570 1558 Ad
592 1486 697 1558 literas
717 1485 958 1578 amplitudinis
976 1485 1111 1569 vestrae,
1134 1483 1293 1574 quoniam
1317 1482 1422 1557 tribus
1437 1490 1608 1581 epistolis,
1628 1515 1685 1568 ex·
1839 1495 1843 1586 J

459 1595 513 1655 tra
535 1582 686 1654 ordinem
709 1582 818 1668 datis,
840 1579 1014 1669 respondi,
1038 1579 1120 1650 nihil
1147 1577 1256 1648 habeo
1278 1581 1371 1669 quod
1388 1581 1496 1654 dicam
1516 1589 1684 1682 amplius,

460 1677 520 1750 nisa
537 1677 633 1772 quod
648 1677 754 1750 Frisrae
772 1674 892 1749 nostre
908 1673 1020 1745 casum
1042 1693 1110 1764 prae
1127 1671 1252 1743 caeten's
1276 1678 1345 1748 uni
1365 1678 1537 1753 vobiscum
1555 1684 1686 1775 doleo,

463 1771 509 1846 de
523 1795 591 1867 qua
609 1790 721 1846 tamen
748 1774 872 1860 miror,
905 1769 988 1844 nibil
1011 1787 1187 1860 unquam,
1209 1785 1267 1840 aut
1284 1773 1374 1842 certe
1392 1794 1592 1868 perparum,
1615 1781 1686 1854 huc

462 1869 598 1942 allatum
617 1865 796 1962 speciatim.
843 1865 936 1940 Nam
959 1887 1034 1958 quae
1050 1863 1191 1937 Domini
1206 1863 1467 1960 Arenbergensrs
1487 1873 1588 1950 literis
1603 1899 1687 1954 con·

459 1963 633 2050 tinemut,
657 1961 779 2058 &ipsa
794 1961 957 2057 generalia
976 1962 1061 2034 sunt.

509 2057 678 2132 Libellum
702 2057 827 2152 Episco
851 2060 861 2130 i
883 2058 1131 2146 atrebatensis,
1161 2077 1263 2150 quem
1286 2058 1487 2152 Amplitudo
1504 2061 1614 2138 vestra
1641 2065 1688 2140 ad

463 2172 519 2228 me
536 2151 641 2244 milit,
666 2155 759 2248 Regi
773 2081 871 2242 decl,
895 2155 950 2242 cui
963 2152 1028 2224 fuit
1047 2167 1241 2244 pergratum
1264 2155 1442 2246 voluitque
1462 2177 1539 2229 eum
1560 2159 1687 2234 tetine-

462 2269 510 2325 re.
558 2249 707 2324 Comitia
728 2251 844 2345 Regni
861 2245 1014 2322 Castaliae
1040 2246 1162 2320 inditia
1184 2245 1263 2321 liant
1288 2249 1324 2320 in
1351 2247 1519 2324 Calendas
1534 2253 1687 2332 Decem
1844 2253 1846 2268 ²

463 2347 538 2420 bres
555 2347 591 2418 in
613 2348 676 2420 hac
694 2349 788 2422 urbe,

508 2443 644 2517 Faciens
669 2445 747 2520 Rex
774 2443 835 2516 iter
861 2463 920 2534 per
939 2441 1102 2534 Regnum
1123 2437 1343 2534 lin-agoniae,
1372 2438 1564 2535 Pn'ncipem
1588 2443 1684 2522 vide-

458 2551 518 2611 tur
534 2540 621 2612 velle
637 2560 754 2614 curare
771 2537 1059 2630 inaugurandum,
1081 2558 1144 2628 pro
1166 2557 1259 2609 more
1275 2537 1362 2610 illius
1381 2537 1501 2629 gentis.

508 2631 601 2708 Cum
619 2635 720 2710 Dute
742 2635 878 2709 Albano
896 2632 1008 2706 omnia
1029 2632 1109 2706 mibi
1128 2630 1230 2722 sunt,
1254 2631 1453 2726 prestaque
1471 2633 1594 2708 cunda
1609 2633 1684 2710 olli·

459 2727 509 2802 cia
532 2727 675 2804 hominis
695 2729 894 2822 amicissimi,
916 2747 985 2804 tam
1000 2729 1093 2824 apud
1107 2725 1141 2802 R
1187 2739 1263 2816 em,
1286 2727 1384 2820 cuius
1400 2726 1560 2826 suunnam
1575 2731 1608 2803 in
1625 2752 1681 2808 me

460 2827 670 2902 voluntatem
689 2829 867 2924 experior,
889 2825 1103 2918 quamniubi.
1188 2827 1339 2918 eliquoa,
1363 2825 1412 2898 uti
1429 2825 1563 2913 debeo,
1585 2829 1677 2914 colo,

460 2921 654 3012 Albanum,
677 2941 814 3038 propter
825 2923 1008 3034 ‘egregiam
1027 2921 1185 2992 virtatem
1204 2919 1244 2991 dt
1261 2919 1492 3030 prudentiam,
1521 2916 1557 2996 ἃ
1580 2919 1677 3018 irrog-

459 3019 677 3188 Ἥέῗιιῖ
738 3011 1072 3186 &ww
1083 3017 1152 3184 312¹
1154 3015 1679 3208 ῗῖἒιῖῗὸξέῗιιοῗιῗιῖοὲιι,

457 3227 529 3280 uon
556 3207 650 3284 allam
683 3209 730 3282 ob
754 3206 916 3296 caulium,
946 3226 1048 3300 quam
1074 3221 1113 3278 ut
1140 3225 1267 3298 partem
1294 3229 1435 3283 onerum
1461 3204 1499 3298 dt
1525 3209 1678 3288 laborum

454 3297 731 3378 odioiiffimorum
750 3325 826 3378 tum
844 3303 1078 3395 Amplitudine
1095 3302 1200 3375 verua
1216 3302 1387 3378 sustineat.

503 3399 674 3475 bornus
696 3399 879 3492 l'isnatue,
909 3400 955 3470 ob
977 3398 1127 3471 animum
1150 3399 1262 3472 uxoris
1285 3421 1325 3473 ea
1348 3403 1384 3474 in
1405 3422 1441 3475 re
1467 3399 1676 3498 frigidiorem

456 3486 601 3584 fastum,
626 3497 751 3570 abitum
777 3493 872 3568 ioum
890 3514 960 3570 nou
974 3493 1156 3570 admodum
1173 3493 1308 3570 videtur
1331 3518 1462 3592 urgere.
1511 3497 1676 3592 Accedit,

454 3593 551 3762 guod
576 3593 741 3704 posttrbta
757 3593 861 3688 ipiiut
880 3611 948 3668 tam
975 3587 1134 3664 dicuottu
1155 3591 1222 3665 esse
1245 3593 1402 3688 grandia,
1434 3609 1472 3666 ut
1493 3593 1576 3668 Rex
1605 3617 1676 3670 non

488 3689 528 3763 tia
550 3691 664 3766 videat
678 3691 851 3784 quomodo
870 3711 947 3763 tum
964 3685 1055 3762 bona
1073 3687 1177 3782 gratia
1192 3685 1226 3762 se
1241 3688 1341 3782 poffit
1356 3689 1524 3765 absolvere
1544 3712 1555 3762 t
1574 3711 1676 3784 quam

453 3781 569 3862 ferunt
589 3789 719 3862 causam
743 3791 807 3862 elle
826 3810 949 3878 motae,
972 3807 1046 3880 quae
1060 3785 1150 3884 (nili
1168 3783 1214 3858 ob
1233 3785 1497 3878 Amplitudinem
1511 3783 1675 3880 vestram)

452 3877 504 3949 hir
519 3889 728 3975 temporibus
748 3903 813 3962 tam
839 3883 1027 3958 difficilibus
1048 3903 1118 3954 non
1134 3879 1245 3976 potest
1268 3883 1350 3958 milri
1368 3905 1439 3956 non
1456 3883 1519 3956 effe
1540 3881 1675 3976 gratilli-

453 3989 536 4064 ma„
566 3976 656 4064 Sed,
688 3999 725 4054 ut
746 3983 846 4066 dico,
880 3982 946 4052 hoc
971 3979 1079 4052 solum
1102 3999 1158 4051 me
1183 3975 1332 4051 sollicitat
1358 3977 1454 4072 quod
1479 3979 1607 4052 interim
1634 3977 1672 4050 iu

453 4063 719 4158 Amplitudinern
746 4075 889 4147 vestram
911 4089 1021 4146 totum
1048 4093 1137 4146 onus
1157 4073 1345 4164 redundat,
1377 4077 1473 4172 quod
1500 4089 1674 4172 nunquam

452 4157 570 4238 defino
592 4167 785 4240 admonere.

501 4259 608 4358 Quod
632 4283 693 4355 per
707 4261 795 4332 duos
812 4259 960 4334 cursores
977 4260 1173 4354 proximos,
1196 4261 1257 4356 qui
1279 4280 1370 4338 extra
1393 4265 1546 4341 ordinem
1570 4284 1674 4340 vene·
1742 4317 1749 4330 .

407 4375 411 4384 ’
451 4373 553 4450 runt,
576 4359 656 4434 nibil
678 4357 813 4434 avobis
832 4355 1038 4455 receperim,
1060 4357 1263 4454 nescioquo
1288 4359 1387 4456 patto
1410 4361 1590 4440 sollicitum
1616 4381 1673 4440 me
