3736 5142
413 543 508 661 v196
557 531 865 653 ,JOACHIMI
892 527 1166 616 HOPPERI
1192 528 1517 620 EPIST'OLAE
1574 545 1577 558 ’

428 705 486 774 sao
499 692 607 768 vestro
624 685 787 760 successor
804 683 1000 758 Mechliniae
1016 683 1147 757 dandus
1162 681 1211 756 est
1229 684 1330 779 (non
1342 681 1563 778 verbaliter)
1573 684 1652 796 ejus

431 792 511 866 ratio
534 786 704 857 habeanu.
747 781 789 854 ld
813 799 900 875 rogo
923 779 1192 874 Amplitudinem
1212 779 1353 856 vestram
1367 796 1408 854 ut
1432 779 1469 853 in
1484 801 1650 854 memorre
1780 883 1785 898 Ι

430 885 550 957 habere
566 879 661 953 velit.

474 973 566 1070 Regi
589 975 708 1049 Guil'rre
728 993 904 1049 venenum
919 973 1032 1046 darum
1047 971 1163 1059 aime,
1187 970 1225 1043 dc
1240 971 1285 1042 de
1301 971 1372 1044 vim
1395 971 1587 1063 periclitari‘3
1610 970 1656 1044 dt«

430 1073 476 1143 ob
493 1071 528 1144 id
543 1092 660 1163 preces
675 1073 822 1166 publicae
844 1091 907 1165 per
930 1088 1047 1142 omnes
1064 1067 1227 1138 Ecclesiae
1250 1065 1385 1138 indistae
1407 1067 1505 1156 sunt,
1526 1069 1652 1162 quibus

435 1167 473 1241 u
492 1189 557 1261 pax
575 1169 738 1243 universe
757 1165 970 1260 Reipublicae
990 1160 1188 1236 Christiane
1206 1161 1244 1234 &
1261 1162 1373 1235 bonus
1395 1183 1506 1237 rerum
1528 1161 1655 1236 nostra·

435 1265 523 1338 tium
539 1263 702 1338 successus
714 1263 920 1356 exposcitur.

482 1361 651 1434 Dominus
674 1362 823 1455 Joannee
849 1360 892 1430 ab
912 1355 1044 1428 Aushia
1066 1373 1086 1424 e
1111 1350 1193 1423 mari
1217 1351 1330 1438 rediit,
1352 1353 1504 1443 pauculis
1518 1349 1656 1446 quibus-

287 1435 291 1442 ’
437 1455 515 1529 dam
529 1453 688 1524 naviculis
705 1453 901 1545 predonum
917 1449 1029 1539 captis.
1061 1445 1156 1541 Quid
1177 1443 1290 1519 Turca
1305 1449 1463 1538 proximo
1482 1469 1563 1523 vere
1581 1465 1655 1556 nro·

435 1552 556 1621 siturus
572 1548 612 1618 srt
625 1545 722 1616 avide
740 1545 943 1634 expediatur.

422 1701 428 1714 .
481 1639 565 1732 Ego
575 1637 772 1710 solutionem
785 1635 1220 1727 stipendionrmmeorum,
1243 1654 1309 1708 nec
1324 1653 1398 1709 non
1413 1656 1486 1708 rem
1502 1636 1659 1709 Daessre-

435 1731 606 1823 mensem‚
627 1732 751 1824 quade
769 1729 814 1802 ad
837 1729 1012 1802 dominum
1029 1731 1168 1804 Ducem
1182 1731 1281 1802 etiem
1300 1751 1395 1802 nunc
1412 1730 1544 1818 scribo,
1569 1731 1658 1803 Arn-

266 1841 275 1860 ·
435 1829 594 1936 psirudiui
614 1827 732 1900 vestrae
749 1827 849 1898 etiam
862 1841 964 1916 atque
982 1825 1082 1898 etiarn
1097 1825 1313 1898 commendo.
1355 1825 1414 1896 nd
1428 1827 1502 1897 hec
1518 1840 1557 1896 ut
1570 1823 1658 1899 Gre-

438 1942 534 2016 gono
560 1941 636 1994 meo
658 1941 720 2012 pro
744 1919 855 1992 studiis
871 1920 996 2010 aliquid
1012 1939 1031 1989 a
1048 1919 1211 2014 Capiturlo
1232 1919 1347 1993 vestro
1372 1920 1470 2012 possit
1495 1920 1656 2012 praeberi3

438 2019 505 2106 du,
533 2017 558 2096 si
581 2017 679 2090 rebus
704 2013 890 2102 confessis,
922 2017 984 2106 qui
1005 2012 1147 2090 fideliter
1175 2014 1359 2090 servierunt
1381 2015 1446 2087 suae
1469 2014 1655 2109 Maiestam,

413 2111 728 2198 commendandi,
759 2109 940 2204 aliquaque.
966 2111 1159 2186 iiberalitate
1184 2112 1275 2204 regia
1300 2110 1466 2184 afficiendi
1490 2110 1586 2200 suut,
1615 2127 1657 2185 ur

437 2209 506 2284 mei
522 2207 619 2282 etiam
634 2209 745 2299 aliqua
763 2207 847 2278 ratio
859 2205 1030 2280 habeatur.
1077 2207 1379 2303 Quemadmodum.
1396 2207 1453 2280 hic
1478 2227 1541 2299 pro
1558 2207 1658 2282 uobir

438 2324 541 2380 omne
564 2305 704 2377 omuino
720 2300 871 2376 officium
889 2301 1063 2376 iaciemus.
1437 2307 1441 2319 '

485 2397 944 2488 Cura‚ReverendePraesul
957 2419 995 2471 ac
1007 2399 1403 2492 patronr‚utvaseas‚&
1415 2399 1656 2491 mequemd·

441 2489 583 2568 modum
602 2495 798 2585 facis,ama.
830 2493 909 2586 Ego
928 2497 1034 2568 mein
1055 2495 1268 2571 omnibus&
1291 2497 1478 2571 servitorem
1502 2495 1538 2567 dt
1554 2494 1655 2568 clien-

440 2605 511 2665 tem
529 2587 707 2680 vestrum,
734 2612 754 2662 a
772 2611 844 2682 quo
867 2589 938 2663 solo
956 2590 1033 2683 post
1051 2591 1168 2666 Deum
1186 2595 1340 2685 pendeo,
1362 2591 1536 2689 agnosco..
1564 2589 1657 2688 Quid

443 2687 487 2760 de
515 2689 645 2780 Aggaeo
669 2684 783 2759 nostro
808 2686 866 2760 siat
883 2687 982 2760 valde
1001 2706 1088 2760 aveo
1103 2689 1338 2781 cognoscere,
1359 2691 1479 2763 iterum
1495 2689 1567 2762 vale
1582 2687 1658 2760 Ma·

284 2851 290 2862 ,
442 2782 520 2856 driti
552 2803 606 2871 19·
635 2783 839 2874 Septembris
872 2783 977 2876 1568.
1034 2785 1248 2859 Reverendae
1275 2785 1515 2883 Amplitudinis
1538 2782 1659 2858 vestrae
1729 2825 1733 2832 ·

443 2877 659 2972 paratissimus
673 2877 813 2952 servitor
835 2877 1047 2975 Joncnrnrus
1068 2879 1279 2957 Homerus.

718 3091 1181 3231 urrsronn
1264 3093 1378 3208 nn

496 3292 741 3416 Arason
762 3295 973 3406 Philippus
989 3299 1059 3386 duo
1082 3297 1449 3412 milliusftorenorum
1470 3297 1665 3414 Happero

446 3405 614 3499 tribuit,
644 3402 823 3488 viaticum
850 3409 984 3492 uraris
1013 3437 1025 3491 :
1052 3409 1211 3525 suculis
1238 3409 1328 3498 item
1348 3405 1441 3524 filiis
1479 3411 1557 3526 ejus
1585 3410 1663 3526 fin·

443 3515 560 3630 gulas
584 3511 777 3714 pangonus
810 3517 1028 3627 promittit.
1128 3523 1195 3610 uid
1226 3521 1495 3652 jurissubeut
1514 3518 1661 3636 nuspa

445 3627 596 3732 uiarum
693 3655 723 3714 x
747 3628 1032 3720 incomitatum
1058 3635 1307 3755 Eudousia,
1332 3633 1552 3749 inquiruur.

448 3836 525 4029 S.
549 3934 586 4006 P.
616 3932 818 4008 Reverenae
833 3935 967 4010 Praesus.
1014 3941 1048 4011 A
1067 3939 1180 4030 paucis
1203 3941 1326 4016 dicbus
1347 3955 1464 4033 quauer
1489 3937 1595 4031 scripsi
1614 3937 1659 4011 ad

445 4027 713 4131 Amplitudinem
734 4025 896 4117 vestram,
918 4052 957 4102 ac
972 4033 1174 4123 potissimum
1189 4039 1332 4128 quidem
1349 4039 1447 4130 super
1462 4033 1663 4108 resolutione

444 4117 512 4192 suae
537 4118 718 4205 onustatis
741 4120 784 4190 de
811 4123 926 4229 uxoris
951 4127 1017 4196 mei
1040 4127 1076 4197 dc
1105 4126 1288 4207 liberorum
1313 4135 1381 4207 huc
1400 4133 1573 4222 adventur
1595 4149 1665 4222 qua

445 4213 489 4289 de
505 4207 600 4284 causa
621 4211 787 4301 quendam
808 4211 892 4286 rstuc
910 4220 981 4292 misr
1004 4221 1048 4293 de
1066 4225 1170 4316 meir,
1194 4231 1255 4319 qui
1272 4230 1394 4303 abhinc
1416 4230 1568 4302 triduum
1586 4225 1667 4299 abiit

445 4333 507 4407 per
531 4326 637 4419 quem
664 4308 995 4416 pienencognoscctir
1018 4319 1062 4390 de
1086 4322 1253 4396 omnibus.
1301 4325 1389 4398 lliud
1412 4323 1493 4418 post
1513 4319 1669 4411 acceffn3

445 4405 539 4503 quod
554 4401 694 4483 hensua
708 4401 862 4503 sisarestas
882 4407 956 4488 duo
981 4413 1079 4490 missia
1102 4421 1305 4514 florenorum
1328 4419 1422 4496 dedit
1446 4422 1483 4495 in
1508 4415 1668 4497 varicum

1849 1571 1862 1664 i

1860 1671 1862 1718 ι

1860 1783 1863 1862 s
