3736 5142
268 559 353 652 'AD
368 557 606 646 VlGLlUM
628 576 686 644 Aa
699 556 908 646 AYTTA
924 553 1277 648 ZUICHEMUM.
1335 558 1417 676 267

200 751 206 766 ·
239 719 485 795 Gubernatoris
500 715 736 808 Baupamensn
752 713 925 806 negotium
943 737 1033 789 cutae
1047 715 1180 790 habebo
1201 737 1213 788 ε
1237 737 1303 788 nec
1318 721 1419 793 omit·

192 831 262 890 tam
279 818 361 910 quin
379 813 533 910 proximi
552 814 727 885 occasione
748 811 792 883 de
809 832 849 882 ea
866 810 1023 886 referam.

242 913 306 984 llic
321 913 458 1005 quidam
472 910 521 982 est
544 931 587 982 er
611 908 827 995 cantoribus,
850 909 911 998 qui
935 908 1199 981 Namurcensem
1217 910 1415 1002 Praeposrtu·
1493 943 1495 946 ·

193 1028 265 1084 ram
289 1011 372 1100 petit
391 1031 404 1096 3
428 1027 506 1097 quae
523 1005 634 1079 nescio
651 1027 695 1080 an
713 1018 806 1076 vacat
826 1057 840 1093 ‚
864 1003 1029 1078 &utrum
1043 1007 1087 1077 ad
1105 1006 1211 1099 Regis
1237 1027 1279 1078 an
1307 1005 1417 1080 Ducit

196 1105 241 1179 lit
258 1105 519 1196 dispositionem.
1206 1177 1211 1188 ,

198 1228 201 1236 ·
244 1199 379 1272 Bellum
399 1215 513 1270 contra
538 1197 658 1272 Motos
681 1195 780 1270 valde
806 1193 967 1284 feliciter,
993 1195 1095 1292 gratia
1119 1195 1219 1286 Deo,
1241 1202 1416 1292 procedit3

56 1347 66 1364 .
199 1293 259 1368 nisa
277 1295 371 1388 quod
389 1294 598 1380 Ludovicum
620 1293 846 1392 Quexadam,
877 1293 1043 1388 optimum
1065 1292 1206 1381 virum,
1238 1298 1415 1371 amisimus.

197 1390 449 1484 Recuperatum
468 1389 540 1465 fere
556 1389 605 1462 est
619 1389 784 1484 quidquid
799 1405 895 1462 extra
909 1409 1042 1462 montes
1059 1408 1283 1482 occuparant,
1293 1391 1326 1463 in
1342 1395 1418 1484 qui·

198 1485 264 1558 bus
283 1507 374 1560 nunc
387 1486 421 1561 se
443 1487 635 1576 continent,
660 1507 725 1560 nec
739 1484 798 1558 diu
816 1485 995 1560 sustentare
1017 1486 1050 1558 se
1070 1485 1159 1578 polle
1174 1488 1327 1579 plerique
1347 1511 1418 1562 om·

197 1583 427 1752 ngslitlocorum
450 1583 487 1654 dt
514 1583 562 1658 rei
583 1582 729 1657 militaris
748 1583 846 1676 periti
872 1584 1069 1658 arbitrantur
1092 1603 1104 1653 ε
1133 1585 1230 1676 quod
1255 1585 1298 1657 ita
1319 1583 1416 1660 Deus

197 1697 222 1750 u
281 1731 292 1752 .

240 1773 407 1848 Videmur
431 1777 588 1865 proximo
610 1775 726 1847 mense
750 1775 911 1864 Hispalim
940 1777 1148 1866 profedtuti,
1169 1777 1318 1871 indeque
1338 1779 1415 1854 Ma·

193 1867 319 1942 dtitum
349 1869 533 1953 recursuri,
553 1867 616 1937 sub
637 1869 719 1938 Idus
742 1867 837 1972 Junii
861 1869 938 1956 plus
959 1871 1079 1940 minus.
1125 1869 1259 1940 iuterim
1287 1873 1415 1945 utinam

196 1982 285 2036 uxor
306 1963 343 2034 dt
357 1960 452 2032 liberi
464 1960 632 2048 adessent,
650 1975 691 2032 ut
705 1959 770 2029 iluc
785 1979 846 2032 eos
861 1959 1063 2052 reperirem3
1083 1959 1242 2050 adquam
1258 1985 1328 2034 rem
1347 1986 1417 2037 non

197 2055 318 2130 dubito
337 2057 420 2148 quin
434 2055 636 2147 Amplitudo
656 2053 766 2130 uestra
790 2053 924 2149 adjutor
947 2055 1046 2128 nobis
1064 2052 1146 2143 erit,
1169 2070 1208 2128 ut
1222 2073 1318 2143 eam,
1340 2058 1418 2134 licet

109 2211 112 2220 .
196 2151 459 2241 timidiffimam,
481 2152 666 2245 perpellat,
688 2151 977 2242 quemadmodum
998 2151 1034 2224 dt
1053 2147 1122 2244 ipse
1146 2150 1231 2224 meis
1247 2152 1346 2226 literis
1368 2153 1417 2228 fa-

72 2267 76 2272 ·
196 2247 264 2322 cio.
312 2249 357 2322 Et
375 2247 536 2339 quoniam
560 2267 679 2342 magna
696 2249 841 2341 pecunia
862 2267 951 2342 opus
965 2245 1051 2336 erit,
1074 2244 1177 2320 velim
1195 2267 1329 2340 operam
1345 2250 1418 2326 dari

199 2357 239 2416 ut
254 2342 298 2415 ad
318 2345 513 2440 januarium
529 2342 633 2436 usque
649 2341 856 2436 superiorem
873 2343 918 2416 de
936 2343 1049 2418 salario
1067 2363 1146 2418 meo
1164 2342 1197 2414 ei
1213 2341 1355 2420 satisfiat.

236 2438 417 2514 vvaletudo
433 2439 630 2514 Denneterii
641 2439 867 2514 confirmatior
883 2439 933 2514 est
947 2439 1067 2532 solito;
1087 2439 1253 2533 spemque
1278 2441 1342 2517 hle
1363 2462 1421 2515 oc·

195 2533 327 2610 casrone
346 2558 408 2610 nos
431 2536 611 2612 effeuuros
631 2551 671 2609 ut
694 2535 817 2706 311Ἓίεά
832 2535 875 2611 illi
897 2538 1039 2634 dignum
1052 2552 1105 2614 tot
1122 2556 1285 2612 annorum
1300 2539 1422 2614 labori-

199 2630 265 2704 bus
284 2635 512 2724 inpertemus.
560 2633 723 2726 Faxitque
805 2654 846 2707 us
872 2648 912 2707 ut
931 2635 1028 2728 quod
1056 2635 1101 2708 de
1123 2633 1225 2708 fratte
1240 2633 1310 2728 ejus
1323 2633 1419 2728 apud

198 2725 406 2823 Episcopum
425 2729 631 2822 Brugenscm
652 2745 803 2822 coeptum
816 2728 890 2818 est,
914 2731 1003 2805 bene
1020 2729 1187 2804 succedat.

246 2823 303 2896 De
325 2825 459 2898 Helselii
483 2826 542 2900 filii
568 2841 675 2899 morte
699 2827 812 2902 doleo.
858 2825 906 2898 Et
921 2827 1028 2902 scribit
1046 2828 1128 2900 mihi
1141 2824 1287 2918 Longius
1304 2825 1418 2900 noster

198 2916 267 3012 iam
286 2919 330 2992 de
350 2919 424 2994 filia
449 2918 518 3013 ejus
545 2923 582 2996 dt
602 2921 735 2996 Hesselii
749 2921 962 2998 mammona
978 2921 1074 2998 fuisse
1091 2919 1321 2999 constitutum.
1367 2923 1419 2995 Ita

198 3017 306 3088 homo
330 3019 512 3109 proponit,
533 3019 631 3094 Deus
645 3017 799 3112 disponit.
1407 3051 1415 3067 ·

245 3109 431 3186 Cardinalls
447 3115 623 3206 plurimam
637 3115 776 3189 salutem
793 3113 1019 3210 Amplitudini
1034 3114 1152 3190 vestrae
1167 3113 1305 3188 adscnbi
1318 3111 1420 3226 juffiu

197 3225 265 3278 uec
286 3209 473 3303 quidquam
493 3212 550 3283 srbi
564 3213 734 3304 antiquius
752 3213 828 3286 fore
843 3213 909 3303 ait,
931 3217 1034 3306 quim
1047 3226 1086 3286 ut
1104 3211 1328 3306 Arnplitudim
1346 3209 1420 3287 ves·
1503 3285 1506 3292 ,

201 3313 260 3374 trae
277 3305 396 3379 servire
414 3307 452 3377 δι
472 3307 623 3398 prodesse
645 3309 752 3397 poilit.

247 3397 455 3490 Episcopum
470 3403 526 3474 hic
541 3403 702 3475 habemus
729 3403 1007 3494 cordubensem,
1029 3407 1195 3498 optimum
1218 3426 1258 3478 ac
1276 3401 1420 3479 doffiffi-

198 3511 297 3602 mum
314 3493 467 3604 senem,
500 3497 537 3568 dt
560 3497 624 3588 jam
650 3517 693 3570 er
716 3520 822 3593 pauca
846 3499 905 3574 illa
922 3501 1163 3577 consuetudine
1187 3502 1313 3576 summa
1333 3499 1417 3573 milri

198 3605 341 3660 amrcrtra
362 3589 588 3682 cumunilam
938 3659 943 3669 .

247 3681 419 3760 tituenus
434 3687 547 3760 nullos
563 3689 692 3764 calores
707 3690 888 3779 sensnum
909 3691 967 3763 sed
987 3691 1095 3782 frigus
1115 3692 1242 3782 potius.
1287 3689 1420 3759 Verum

199 3797 332 3948 guntin
349 3798 476 3874 vento,
498 3786 609 3876 quiin
625 3787 860 3875 septentrione
878 3783 1039 3856 hedenus
1055 3785 1127 3871 est,
1150 3783 1280 3856 summa
1297 3783 1332 3852 vi
1356 3797 1421 3853 nos

238 3897 280 3950 va
304 3895 374 3953 ent.
1243 3919 1247 3930 ·
1408 3919 1412 3926 ·

248 3971 305 4046 De
324 3975 574 4071 Lantspergenst
592 3973 724 4048 soedete
738 3973 795 4047 hic
810 3970 952 4044 multum
973 3969 1093 4064 agitur.
1128 3971 1419 4068 Succenseturque
1564 3992 1567 4000 ’

202 4067 397 4157 Imperatori
422 4072 519 4165 quod
540 4071 634 4146 suam
661 4065 867 4160 Maiestatem
888 4065 922 4139 in
946 4087 1020 4139 eam
1038 4068 1229 4141 societatem
1256 4069 1420 4164 recipien-

203 4159 282 4232 dam
303 4181 372 4236 non
388 4171 517 4242 curarit.
564 4170 642 4264 Ego
657 4186 700 4240 an
720 4165 815 4238 isthic
833 4185 886 4237 res
898 4163 1034 4256 publice
1051 4163 1186 4240 uallata
1200 4166 1261 4258 stt,
1284 4169 1420 4260 nescio;

203 4274 270 4328 nec
292 4254 365 4329 satis
387 4262 497 4335 adhuc
516 4261 691 4358 dijudico,
711 4277 824 4336 utrum
850 4279 894 4338 ex
910 4281 946 4334 re
972 4259 1011 4333 lit
1032 4261 1067 4336 id
1085 4279 1257 4356 tantopere
1280 4281 1419 4338 conten-

203 4349 309 4522 der&
316 4371 620 4548 gentioiluglioena
633 4456 736 4549 quim
753 4451 899 4551 primum
914 4451 1195 4620 effunderetur,
1217 4451 1348 4546 semper
1363 4467 1418 4526 ut·

1012 4567 1035 4622 2
1542 4583 1547 4592 .
