3736 5140
466 443 550 533 300
596 413 920 540 *Jononnur
963 357 1241 506 nonnoni
1268 411 1596 509 nursronrn

466 567 678 678 Magistratus
695 583 731 654 dt
749 563 919 654 Officiales'
934 580 953 651 l
969 576 1070 669 gutia
1084 575 1214 668 excepti
1231 568 1381 666 snt,·qni
1399 575 1520 668 reipsl
1532 573 1698 650 benum

467 681 522 750 vel
538 680 676 752 rebelles
695 677 852 763 ‘fuerintg
881 694 961 750 non.
980 690 1092 745 autem
1117 672 1175 761 qui
1200 689 1324 759 metu,
1357 691 1466 744 errore
1487 721 1500 759 ,
1532 689 1591 743 aut
1610 673 1690 765 qud

466 774 531 847 alid
547 773 722 866 fragilitate
741 771 889 845 humans
903 769 1015 841 minus
1029 765 1171 840 fecerint
1193 765 1354 839 officium.
1392 767 1494 840 Plura·
1514 762 1576 838 suo
1597 783 1691 854 tem„-

464 887 547 960 pore
567 872 607 943 cd
627 870 671 942 de
691 891 727 942 re
747 866 951 960 Amplitudo
969 863 1074 937 vestu
1087 861 1298 954 cognoscet;
1324 860 1579 954 videbimusque
1596 861 1692 936 taciti

465 965 547 1055 quid
566 965 601 1036 in
620 963 846 1038 Tzommonis
863 961 901 1034 &
920 961 1061 1034 aliorum
1076 955 1175 1030 causa
1189 979 1229 1032 ea
1245 979 1300 1032 res
1315 959 1465 1051 proderit
1482 959 1540 1030 vel
1556 977 1636 1030 non.

513 1061 562 1133 Et
581 1062 677 1153 quod
695 1060 738 1133 de
751 1057 1026 1134 ordinationibus
1036 1053 1274 1128 Crininalrbus
1284 1054 1485 1146 Amplitudo
1500 1052 1608 1127 vestm
1623 1055 1695 1147 siga

466 1153 613 1245 nificat,
635 1161 751 1251 aperte
777 1157 904 1228 Comes
929 1153 1124 1248 Meghanus
1149 1151 1193 1223 ed
1214 1171 1268 1224 me
1295 1149 1509 1248 perscripsit3
1538 1147 1700 1244 iuslitque·
1834 1173 1836 1246 i

466 1251 547 1326 Rex
566 1252 760 1347 recognosci
778 1253 892 1327 omnia
911 1249 1016 1324 &td
1027 1249 1060 1321 se
1076 1248 1199 1321 denuo
1211 1247 1338 1321 referti.
1834 1275 1836 1324 i

514 1349 650 1442 Angliae
667 1349 843 1444 negotium
863 1345 986 1420 tamdiu
1015 1345 1099 1416 trahi
1123 1343 1222 1416 valde
1246 1343 1383 1432 miror,
1404 1339 1442 1412 ἀ
1463 1341 1594 1431 dole03
1627 1359 1699 1414 nec
1835 1401 1836 1422 ,

466 1441 568 1514 video
593 1443 710 1533 quibus
734 1440 966 1514 fundamentis
991 1459 1070 1528 quae
1099 1437 1144 1510 de
1171 1437 1273 1509 rebus
1292 1436 1459 1510 Schoticis
1485 1458 1549 1511 vos
1570 1435 1699 1510 isthinc
1834 1439 1836 1534 l

463 1534 592 1626 semper
607 1536 836 1628 persenbitis,
860 1535 1017 1606 nitanttu.
1064 1530 1155 1602 Nam
1177 1549 1245 1621 ego
1260 1531 1338 1604 sane
1357 1531 1499 1618 malim,
1525 1532 1570 1602 de
1586 1533 1703 1605 bene
1834 1535 1836 1570 ¹

463 1630 703 1720 componendis
720 1629 821 1702 rebus
838 1624 959 1698 nostris
973 1627 1079 1714 quum
1094 1621 1209 1694 alienis
1225 1626 1423 1716 appetendis
1437 1625 1521 1718 agi3
1542 1643 1623 1717 quae
1651 1627 1703 1700 dt

419 1770 425 1784 ·
462 1721 569 1815 Regis
586 1725 636 1798 est
655 1723 817 1796 sententia
836 1773 849 1808 ,
870 1737 912 1792 ut
930 1739 973 1790 ex
986 1717 1089 1788 literis
1108 1717 1210 1808 ipsius
1225 1719 1398 1792 videbitls.
1552 1775 1555 1780 ,
1637 1753 1641 1796 :
1686 1748 1688 1757 ·

512 1818 765 1890 Leovardienfis
781 1813 941 1906 Episcopi
956 1810 1059 1883 nostri
1075 1811 1253 1904 negotium
1276 1833 1346 1905 qua
1369 1809 1499 1906 polium
1519 1835 1589 1908 ago
1622 1817 1702 1891 dili.

468 1911 654 2005 genuissime
674 1965 686 2002 ‚
709 1927 749 1982 ut
765 1931 809 1982 ex
822 1909 925 1982 literis
941 1906 1048 2000 Regis
1067 1903 1270 1999 Amplitudo
1284 1907 1392 1982 vestra
1406 1909 1549 1985 videbit.
1596 1911 1699 1988 Con-

468 2007 610 2100 fidoque
627 2007 725 2102 pluite
739 2005 827 2080 'nihil
847 2003 923 2080 fore
940 2001 1142 2076 difficultatis
1157 2003 1241 2096 quin
1259 2025 1331 2080 non
1348 2005 1506 2080 solumin
1522 2006 1696 2098 fumum,

469 2107 594 2178 verbm
620 2104 718 2178 etiam
745 2101 1035 2198 immunitum,
1065 2099 1181 2194 pensio
1207 2101 1360 2176 solvatur.
1407 2103 1487 2176 Nec
1511 2100 1624 2176 minus
1641 2113 1700 2177 re·'

428 2197 1371 2381 sgnffl

470 2413 548 2484 quae
572 2394 778 2487 perbenigne
797 2393 877 2467 mihi
895 2315 1063 2484 resplgndr't
1081 2392 1101 2486 (
1116 2390 1185 2465 fine
1200 2380 1291 2466 'certi
1312 2318 1524 2486 proiluiffione
1540 2392 1693 2484 omen)

471 2489 507 2562 in
531 2487 671 2578 mlum,
693 2509 765 2582 quo
782 2509 860 2562 tum
880 2485 1090 2562 llustriffino
1114 2489 1216 2562 Duce
1233 2487 1449 2563 Cortevillius
1465 2507 1534 2560 non
1548 2490 1691 2563 redeat:

471 2603 576 2676 quem
596 2584 724 2658 Bauius
744 2584 855 2659 noster
869 2584 914 2658 ad
929 2583 1175 2657 Denneterium
1204 2583 1342 2674 scribit,
1375 2585 1516 2673 moliri,
1539 2604 1615 2675 ut,
1638 2583 1691 2660 cui

258 2635 263 2647 Ι
355 2685 357 2690 “
463 2679 542 2775 'ipse
559 2681 668 2770 velit,
692 2685 784 2758 cens
796 2681 955 2776 pensione
973 2683 1108 2770 annul,
1131 2681 1279 2755 officium
1296 2680 1393 2754 suum
1410 2681 1579 2776 resignet3
1598 2680 1690 2776 quod

473 2782 563 2852 certe
578 2776 863 2873 indignissimum,
885 2773 1136 2868 meoiudicio,
1158 2777 1236 2851 esset
1261 2768 1421 2868 sedtum,
1444 2799 1523 2850 cunt
1545 2779 1690 2852 maximo

470 2871 587 3042 llll
607 2869 1391 3064 subsstislsllsllsllll?
1414 2873 1688 3062 illisis-ll

470 3065 740 3158 Amplitudinem
759 3063 902 3142 vestiam
919 3067 950 3141 ei
965 3063 1011 3140 rei
1026 3067 1229 3160 prospicere.
1420 3047 1424 3060 ¹
1618 3088 1621 3096 ·
1675 3088 1681 3130 ι

476 3179 494 3214 -’
516 3161 573 3231 De
594 3163 727 3236 Rutulo
743 3165 787 3238 ad
807 3165 978 3238 dominum
998 3162 1171 3256 praefidem
1190 3163 1433 3258 Tysnacbum,
1457 3179 1499 3232 ut.
1516 3156 1685 3249 Amplitu-

470 3251 518 3326 do
535 3255 644 3329 uestra
661 3258 757 3352 iubet
775 3309 788 3348 ‚
809 3261 973 3349 scnbem3
994 3279 1058 3331 nec
1079 3261 1228 3332 omitum
1244 3259 1325 3350 quin
1346 3257 1499 3328 Domino
1516 3253 1684 3328 Assouull·

471 3350 546 3448 lio,
568 3369 631 3441 pro
648 3353 714 3427 suis
732 3358 874 3449 egregiis
894 3359 928 3429 in
944 3355 1077 3450 Regem
1101 3356 1138 3428 dt
1162 3352 1417 3446 Rempublictun
1439 3351 1591 3442 nerim,
1613 3371 1686 3424 om·
1786 3371 1791 3382 ’

472 3447 572 3522 nibus
587 3447 722 3535 modis,
745 3453 1029 3540 quantuminme
1046 3449 1308 3538 cumfusum.
1677 3471 1682 3478 ·

517 3541 665 3634 Fuitque
681 3541 745 3615 suae
764 3543 933 3639 Maiestati
944 3565 1156 3640 pergratum,
1179 3548 1276 3637 quod
1292 3545 1555 3632 iustrudliones‚
1579 3543 1616 3616 dt
1629 3541 1687 3614 alit

472 3641 605 3715 diversa
622 3659 841 3717 monumenta
860 3697 873 3735 ‚
895 3643 1096 3736 Amplitudo
1110 3642 1217 3718 vestra
1234 3641 1279 3714 ad
1296 3663 1351 3715 me
1366 3641 1521 3730 miserit,
1550 3641 1616 3730 qul
1638 3635 1684 3708 de

326 3793 332 3800 -
471 3759 508 3814 te
532 3737 675 3812 surnmus
689 3741 786 3812 etiarn
803 3761 905 3837 atque
931 3742 1030 3814 etiam
1051 3741 1159 3814 habeo
1177 3739 1292 3836 guttas
1309 3791 1324 3829 ‚
1343 3735 1623 3830 quenadmodum
1643 3730 1685 3802 ¹&

471 3833 516 3903 de
531 3831 650 3906 favore
668 3835 785 3926 facio,
807 3859 911 3930 quem
926 3837 1086 3932 Magistro
1108 3836 1251 3930 Serpido
1265 3833 1377 3908 nostro
1392 3831 1588 3923 Amplitudo
1613 3823 1686 3898 ves·

471 3941 522 3995 tra
552 3929 687 3999 exhibet
708 3980 720 4014 ‚
745 3931 781 3999 dt
804 3953 899 4006 novo
920 3933 1009 4004 affini
1042 3954 1122 4006 meo
1143 3934 1214 4008 lilio
1234 3932 1413 4025 recepturis
1438 3923 1593 4001 Flandtiae
1610 3943 1620 3994 t
1640 3921 1685 3994 de

470 4033 542 4103 <l¹¹⁰
568 4035 714 4119 utroque
733 4027 836 4108 qutun
860 4023 1101 4112 diligentissime
1123 4051 1201 4104 cum
1227 4029 1284 4104 suu
1312 4025 1513 4102 Excellentia
1531 4039 1596 4115 ago
1616 4071 1629 4106 ‚
1648 4037 1689 4092 et

470 4109 660 4186 Dominum
679 4113 874 4186 Tontkium
893 4117 989 4187 vobis
1005 4121 1135 4209 placere
1150 4123 1310 4220 majorem
1326 4125 1361 4197 in
1379 4123 1521 4196 modum
1549 4115 1687 4212 gaudeo,

520 4205 689 4298 Aggaeum
705 4205 853 4280 nostrum
875 4261 888 4300 ‚
919 4211 1097 4306 postquam
1121 4220 1226 4314 Spirae
1241 4221 1369 4306 asless'or
1390 4239 1525 4293 manere
1545 4235 1615 4287 non
1633 4227 1690 4303 po

472 4305 568 4400 tuit,
589 4300 692 4380 vitam
711 4299 872 4400 privatam
886 4305 1041 4387 Coloniae
1054 4315 1145 4390 velle
1161 4336 1262 4414 agere
1279 4317 1352 4392 non'
1368 4319 1510 4396 omnino
1526 4307 1689 4409 improbo,
