3736 5140
101 579 132 638 -·
256 565 340 652 An
357 495 672 667 tremorem
688 557 896 646 Aram
914 555 1277 656 antennarum·
1323 592 1404 681 309

183 721 262 796 hinc
286 717 400 794 mense
424 714 616 810 Septembri
637 716 693 787 vel
712 713 876 802 Ouobri,
899 711 1156 810 profestorum,
1188 717 1404 814 suspic0r3s1

184 811 294 890 tamen
321 833 464 904 uterque
486 807 701 903 profecturus
723 809 784 883 est.
831 812 885 882 Ac
904 810 964 882 nisr
980 811 1058 883 Rex
1072 810 1272 886 Folcardum
1298 818 1332 888 in
1352 818 1403 890 sa-

183 912 304 986 milianr
334 910 426 984 suam
451 922 591 999 cooptet
608 905 726 997 (quod
746 906 842 978 brevi
860 905 1103 1000 declarabitur)
1122 923 1159 980 ut
1182 907 1274 982 Duci
1291 911 1403 986 Medi-

185 1008 278 1080 nensr
293 1005 452 1100 iungatur
473 1004 614 1076 omnino
632 1001 769 1074 curabo.
1049 1074 1052 1084 ,

231 1105 266 1175 T
268 1099 437 1176 zommoni
463 1097 605 1172 nostram
631 1097 806 1169 amicitiam
827 1095 937 1170 fraudi
952 1096 1040 1186 elle,
1062 1098 1160 1171 valde
1182 1099 1352 1191 dolerem,
1377 1107 1402 1180 si

185 1216 303 1268 uemm
329 1193 399 1280 est,
430 1195 525 1286 quod
546 1193 724 1265 nonnullos
747 1191 901 1284 suspicari
927 1193 1124 1283 Amplitudo
1150 1197 1255 1269 vestra
1281 1199 1401 1274 scribit.

186 1291 233 1363 Et
247 1290 347 1378 sane,
370 1292 511 1368 intanta
526 1286 737 1376 innocentia,
751 1308 851 1380 quam
868 1288 1005 1376 dicunt,
1028 1306 1094 1360 tam
1110 1291 1235 1364 diutina
1253 1293 1403 1372 detentio

137 1429 146 1450 ι
187 1408 258 1460 non
281 1400 368 1458 caret
394 1385 607 1478 suspicione:
632 1403 670 1454 ac
687 1383 826 1456 maxime
843 1382 980 1474 quidem
1003 1386 1082 1456 cum
1102 1385 1139 1457 dr
1159 1387 1272 1460 Gratia
1289 1390 1404 1465 Gene-

187 1484 262 1556 ralis
282 1503 346 1574 pro
369 1502 412 1555 eo
437 1481 557 1566 i'aciat,
580 1499 681 1573 quam
700 1479 795 1552 etiam
811 1477 871 1572 ipsi
884 1479 940 1551 hic
960 1477 1172 1574 intelligunt,
1195 1497 1233 1553 ut
1251 1506 1312 1559 eos
1329 1485 1404 1560 offi-

187 1578 286 1650 ciales
314 1577 483 1650 dumtaxat
509 1558 686 1663 excludat,
709 1575 817 1666 quire
834 1575 905 1665 ipsi
931 1576 1074 1648 haeretici
1093 1578 1148 1650 vel
1166 1578 1303 1654 rebelles
1324 1583 1403 1656 fue-

185 1672 275 1762 rint3
306 1693 376 1746 non
401 1689 512 1747 autem
529 1673 590 1766 qui
617 1687 733 1760 metu,
766 1669 976 1766 ignorantie,
1007 1688 1065 1744 aut
1090 1675 1199 1766 aliqui
1224 1675 1402 1770 fragilitate

155 1767 331 1840 -humani
354 1763 532 1858 peccarint.
578 1768 646 1836 Sed
661 1765 758 1850 spero
784 1767 920 1835 tandem
943 1765 1047 1835 finem
1072 1769 1216 1859 aliquem
1249 1772 1402 1866 bonum,

184 1863 331 1934 maxime
348 1862 428 1928 cum
457 1861 543 1927 inter
561 1855 716 1942 ipsosmet
736 1871 805 1924 non
831 1855 1056 1938 conveniant,
1078 1876 1179 1944 prout
1203 1865 1403 1954 Amplitudo

184 1955 295 2026 vestra
310 1949 438 2036 scnbit,
462 1951 499 2020 de
522 1949 652 2021 Hervet
665 1947 797 2038 Anglus
815 1945 948 2040 (equo
966 1945 1009 2016 de
1028 1943 1171 2041 Collegii
1183 1951 1293 2028 ,vestri
1318 1958 1403 2032 statu

184 2049 327 2121 libenter
347 2043 526 2139 cognovi)
545 2055 795 2116 commemorat.
1402 2121 1407 2134 Ι

234 2142 369 2216 Boetius
394 2139 529 2228 noster,
551 2138 576 2210 fi
601 2138 689 2210 illam
712 2135 876 2210 historiam
902 2135 1106 2226 conscribat,
1138 2139 1314 2234 inveniet,
1344 2147 1402 2221 nili
1486 2184 1490 2193 ·

186 2237 309 2326 fallor,
329 2237 422 2330 quod
439 2253 526 2330 agat.
574 2232 802 2326 Respondebo
828 2248 941 2305 autem
960 2235 1003 2306 ad
1027 2233 1137 2307 literas
1155 2237 1263 2328 illius,
1287 2242 1324 2314 er
1342 2243 1403 2318 Vi.

186 2334 328 2420 brandi,
351 2351 498 2404 necnon
521 2331 564 2402 ad
578 2327 808 2404 Vendivilium
830 2325 981 2402 nostrum
1001 2349 1062 2422 pet
1080 2331 1269 2424 proximum
1292 2339 1403 2412 curso—

186 2449 256 2502 rem
267 2449 378 2516 ,nunc
387 2443 498 2500 autem
509 2425 691 2500 multitudo
701 2425 911 2516 negotiorum
921 2445 990 2498 non
1000 2425 1123 2520 patitur
1133 2449 1227 2520 ,qua
1237 2429 1273 2502 de
1283 2429 1350 2526 ipsa
1365 2431 1404 2506 in

186 2524 282 2598 causa
302 2523 351 2597 esi
366 2546 437 2616 quo
455 2525 567 2596 minus
580 2521 622 2596 ad
639 2521 813 2594 dominum
829 2522 884 2596 del
899 2521 967 2594 Rio
983 2519 1131 2596 nostrum
1148 2523 1285 2598 scribam
1307 2549 1317 2598 :
1342 2549 1401 2602 cu-

187 2617 239 2784 im
263 2617 342 2784 garae
356 2617 556 2726 defideriirm
573 2635 782 2786 ,Πὲὲιιιΐιιιιὲιτιιτ
796 2617 830 2689 in
848 2639 909 2786 l1111?
927 2617 1010 2705 erit,
1032 2617 1241 2692 libentissime
1256 2619 1402 2716 juvabo,
1417 2661 1421 2667 ·

186 2733 261 2784 ua
301 2734 422 2786 maora
466 2735 504 2788 ro
523 2733 577 2786 me
742 2734 848 2804 pove
873 2734 957 2786 aur.

233 2735 703 2903 EpiscolpumpHarlemensem
725 2807 837 2882 Bullas
862 2809 934 2880 suas
950 2805 1085 2880 tandem
1104 2811 1300 2904 obtinuisse,
1323 2815 1403 2900 Rerr

185 2905 367 2998 plurimum
393 2905 522 2998 gavisus
541 2907 609 2993 est3
630 2904 781 2998 petitque
796 2919 835 2976 ut
853 2905 1055 2995 Amplitudo
1070 2907 1176 2979 vestra
1191 2931 1327 2982 omnem
1344 2933 1404 2984 ve-

185 3001 225 3073 lit
239 3019 358 3074 navare
375 3022 510 3094 operam
530 3018 568 3074 ut
585 2999 833 3074 Daventriensrs
846 2997 1001 3074 molestiis
1020 3001 1102 3088 illis,
1126 3003 1170 3075 de
1189 3003 1310 3094 quibus
1328 3005 1403 3082 scri·

186 3095 256 3182 bit,
279 3095 450 3170 lrberetur.
497 3097 552 3167 Ac
577 3097 620 3168 de
638 3095 750 3168 nostro
766 3095 1019 3182 Lcovardienii,
1046 3097 1109 3190 jam
1134 3115 1263 3170 tantum
1285 3101 1403 3188 effeci,

187 3209 224 3264 ut
241 3193 320 3266 Rerr
336 3192 529 3284 pensronem
547 3191 709 3282 integram
722 3191 871 3265 absolute
896 3189 978 3264 solvi
1000 3191 1132 3286 jusserit.
1180 3193 1259 3267 Nec
1284 3197 1402 3269 dubito
1455 3193 1462 3212 ⁸

189 3286 271 3376 quin
293 3285 436 3378 Knysrus
460 3287 570 3358 noster
592 3285 690 3358 facile
714 3285 747 3360 se
772 3287 929 3380 purgabit
956 3287 1045 3378 apud
1068 3285 1312 3362 illustrissimum
1328 3294 1403 3366 Du,

189 3401 285 3466 cem,
307 3381 343 3450 su
387 3381 547 3453 riirrislris
561 3382 775 3455 relationibus
789 3401 904 3456 contra
922 3403 999 3455 eum
1019 3383 1126 3458 factis.
1161 3383 1263 3459 Certe
1285 3387 1329 3460 ita
1347 3389 1402 3464 su·

189 3489 302 3546 turum
319 3496 343 3566 p
357 3477 422 3546 ane
439 3475 546 3568 spero.

234 3569 292 3643 De
308 3569 403 3642 variis
418 3587 531 3642 contra
548 3591 652 3646 novas
671 3575 905 3650 ordinationes
916 3575 1099 3667 criminales
1119 3580 1285 3668 querelis,
1307 3580 1403 3650 multi

187 3663 231 3738 ad
251 3685 306 3737 me
325 3663 491 3755 scribunt3
512 3665 737 3762 miseruntque
760 3671 964 3742 illustrissrma
987 3673 1123 3742 Ducissa
1153 3673 1189 3740 dr
1214 3666 1400 3742 Cardinalis

188 3759 432 3834 Granvellanus
460 3763 503 3835 ad
524 3781 579 3832 me
603 3763 719 3852 scripta
744 3770 763 3834 a
786 3761 990 3850 Trajeeiensr
1016 3761 1119 3832 Clero
1146 3762 1219 3850 ipsrs
1246 3761 1400 3834 exiribita.

187 3855 339 3949 Suntque
358 3857 464 3930 ambo
475 3858 511 3928 in
529 3855 646 3926 eadem
663 3853 844 3938 sententia,
869 3866 1031 3942 utreque
1048 3853 1090 3922 ad
1105 3852 1325 3941 antificem,
1341 3875 1402 3927 ne.

187 3969 256 4042 que
279 3955 322 4025 ad
344 3953 609 4046 Imperatorem,
639 3947 682 4020 ad
701 3965 788 4042 quos
808 3966 862 4018 res
890 3964 960 4016 non
983 3946 1149 4037 pertinet,
1178 3947 1402 4040 conquestum

187 4065 287 4135 emm
317 4045 373 4118 sed
396 4049 542 4138 primum
565 4044 608 4118 ad
631 4043 737 4138 ipsum
761 4039 1002 4115 illustrissimum
1024 4039 1185 4135 Ducem,
1215 4041 1338 4120 deiude
1358 4048 1403 4132 ad

187 4141 279 4213 suam
294 4141 530 4232 illajestatem,
546 4141 572 4214 sr
589 4163 660 4214 non
678 4137 860 4214 satisfaciat.
1110 4149 1116 4158 '
1427 4159 1429 4164 ·

235 4235 323 4328 Quae
346 4235 389 4304 ad
412 4237 502 4310 suam
520 4237 758 4309 Excellentiam
776 4233 820 4334 de
839 4235 941 4310 vidua
958 4234 1203 4330 Egmundana,
1228 4239 1403 4331 &Princi-

186 4329 267 4424 pisla
296 4328 476 4422 Orangiae,
497 4331 705 4422 scribuntur,
728 4331 926 4422 Amplitudo
950 4333 1057 4404 vestra
1080 4329 1207 4424 videbit
1230 4353 1240 4401 ι
1267 4335 1303 4403 dc
1322 4334 1401 4402 item

187 4426 230 4500 de
243 4421 470 4519 iurisdiilione
484 4429 708 4506 Ecclesustica
726 4427 761 4502 in
778 4425 998 4520 Bur-gunea,
1023 4425 1060 4498 de
1076 4425 1219 4500 Concilii
1236 4425 1402 4500 Tridenti-
