3736 5142
426 519 505 624 238
558 519 874 629 JuAcr-rrrur
902 499 1183 605 nouuurtr
1210 503 1539 605 unis-Toum

428 677 491 769 jn'm
519 689 609 748 totus
637 677 670 746 in
695 676 762 748 boe
790 663 831 748 ut
854 676 898 747 de
918 696 958 748 re
975 677 1082 750 nautii
1098 676 1293 770 propediem
1310 673 1463 747 referem.
1513 674 1562 750 Et
1578 677 1654 768 qui·-

427 773 504 844 dem
524 773 546 843 si
566 771 725 844 Oceanus
741 775 820 845 tutb
833 773 982 866 navigari
996 773 1120 864 posset,
1135 774 1246 846 malim
1265 791 1406 844 uxorem
1425 770 1498 842 illac
1516 777 1656 863 venire,

425 871 528 1033 pubm
556 888 618 959 per
643 869 792 957 italiam3
813 870 892 961 quia
917 871 1024 942 muitd
1050 869 1260 944 commodius
1282 867 1357 958 este
1377 866 1436 939 sed
1464 868 1556 940 nolui
1577 866 1654 963 ejus

444 981 540 1034 acere
557 964 788 1052 mentionem,
812 987 856 1040 ne
873 987 998 1038 novem
1017 985 1144 1038 morum
1163 963 1329 1059 injiciam,
1348 964 1560 1036 committens
1578 985 1656 1036 rem

427 1059 655 1151 Amplitudini
674 1061 820 1148 vestre,
843 1060 1050 1158 proutipsa⁹
1073 1078 1375 1156 appetentem,
1399 1060 1436 1130 dt
1450 1081 1515 1152 pro
1528 1061 1659 1134 radone

429 1174 542 1228 rerum
565 1159 783 1249 Angiicarum
801 1159 931 1230 videbit
949 1161 1146 1236 convenire.
1172 1153 1301 1229 Addidi
1323 1155 1377 1230 bis
1398 1156 1590 1250 exemplum
1602 1155 1657 1232 iit·

429 1263 579 1325 terarum
593 1256 761 1350 regiarum
779 1256 825 1328 ad
842 1255 1117 1350 Amplitudinem
1140 1253 1297 1330 vestram.

593 1449 1056 1532 EPISTULA
1139 1443 1505 1532 Lxxxix.

478 1652 597 1732 Ano.
626 1641 891 1732 Draurtariur
919 1643 1046 1734 ruurla
1080 1643 1339 1732 melancholica
1365 1670 1439 1730 uua
1457 1641 1567 1758 sitis
1600 1648 1658 1736 le·-

425 1776 552 1860 vatus.
610 1749 809 1868 Affarrfirm
840 1755 972 1868 Vigila
1000 1757 1043 1842 cla
1075 1757 1201 1842 Duris
1230 1753 1375 1842 Albani
1404 1759 1529 1842 anima
1558 1786 1659 1850 ura

425 1863 645 1980 Tysaucum.
683 1869 753 1955 Da
778 1864 977 1974 Principis
1004 1864 1172 1979 Oraugii
1191 1865 1381 1978 cunjuge,
1402 1865 1530 1976 jocus.
1634 1897 1656 1959 a

428 1978 560 2064 ralitu
584 1977 702 2062 Cara.
721 1975 982 2062 Grauarllaur'
1005 1977 1074 2090 agi
1103 1977 1226 2063 credit
1247 1979 1470 2089 Hopparus.
1525 1981 1654 2069 Curres

430 2087 737 2177 Mauris-Acuti
758 2087 963 2200 destinatus
985 2087 1138 2176 Orator
1163 2091 1217 2176 ad
1234 2088 1524 2200 Imperatorem.
1546 2093 1655 2180 Pru·

427 2197 536 2312 lapsa
552 2199 755 2290 autoritas
785 2203 848 2327 lie
874 2201 903 2283 ii
923 2199 1146 2313 Sigillorum
1169 2198 1341 2327 Castalis
1362 2202 1400 2288 iu
1427 2201 1615 2327 Hispania
1633 2227 1658 2336 ,js

427 2311 773 2537 {illabili
792 2315 1165 2552 'ltili-„ilbi
1183 2313 1659 2554 ailbll'liiall

429 2531 576 2648 varstan
631 2533 694 2620 Eu
715 2537 927 2649 Happrrus
938 2535 1108 2652 subsequa
1123 2533 1263 2651 sufflas.
1319 2535 1553 2650 Hispaurauu
1574 2566 1653 2628 uru-

425 2673 508 2734 urta
529 2668 735 2734 commouet
758 2647 1049 2762 biantisaauus
1081 2649 1228 2765 quidam
1249 2647 1397 2752 Laius,
1428 2677 1534 2768 mem
1560 2677 1653 2742 uam

427 2757 637 2850 cianuatrur
657 2782 734 2844 aaa
751 2762 896 2876 platea
919 2781 1092 2884 capruut..
1144 2837 1150 2848 .

499 3101 508 3120 .
532 3047 572 3123 P.
596 3049 801 3126 Reverende
826 3051 947 3126 menn
969 3073 1008 3124 ac
1030 3051 1185 3126 sunam.
1235 3053 1403 3150 Quoniam
1429 3057 1472 3128 ad
1503 3053 1649 3145 superio·
1673 3053 1682 3072 '

425 3165 479 3216 res
500 3147 741 3236 Amplitudinis
765 3149 879 3222 vestre
904 3152 1013 3222 literas
1036 3150 1204 3241 superiore
1233 3149 1330 3223 cursu
1354 3149 1528 3240 respondi,
1551 3169 1659 3223 nunc:

339 3247 342 3254 '
426 3237 469 3309 ad
496 3257 551 3308 eas
577 3243 793 3334 respondebo
815 3267 891 3337 quae
914 3247 974 3317 IV.
1000 3245 1036 3317 dr
1054 3245 1114 3320 lX.
1135 3245 1331 3319 Decembris
1348 3245 1451 3332 date,
1475 3244 1552 3336 post
1578 3247 1651 3318 huc

423 3331 501 3402 sunt
516 3335 630 3406 allatae.
679 3339 774 3435 Quid
792 3339 836 3409 de
858 3341 957 3412 literis
978 3341 1129 3434 illisquae
1147 3337 1493 3428 nundinabantur,
1514 3341 1651 3416 firmum

423 3427 484 3513 fit,
510 3447 553 3497 err
575 3425 801 3518 superioribus
818 3437 902 3505 meis
921 3438 1120 3527 Amplitudo
1137 3435 1243 3508 velim
1260 3437 1433 3530 cognovit.
1462 3437 1542 3510 Post
1561 3441 1652 3512 enim

424 3545 544 3596 omnes
560 3523 655 3595 nobis
673 3525 769 3599 suere
785 3529 946 3618 redditae,
970 3553 1034 3604 nec
1054 3551 1140 3626 puto
1156 3533 1244 3607 aliud
1265 3553 1368 3625 quam
1388 3535 1521 3628 culpem
1545 3535 1652 3607 censo·

425 3621 471 3697 ris
489 3621 638 3712 subcsie3
659 3643 842 3714 numquam
857 3627 947 3698 eninr
966 3629 1061 3702 ausus
1079 3631 1127 3702 est
1144 3631 1185 3702 ad
1205 3647 1258 3698 me
1279 3628 1410 3700 venire.

472 3719 698 3793 Denneterius
718 3720 857 3794 subinde
876 3725 1002 3798 meiius
1020 3728 1134 3816 vaiet,
1157 3723 1193 3796 dt
1214 3722 1291 3796 send
1309 3723 1434 3816 absque
1458 3747 1503 3800 eo
1521 3725 1577 3799 vix
1594 3745 1651 3800 me

425 3819 552 3909 possem
569 3819 734 3913 explicare
745 3873 758 3909 ‚
771 3819 826 3892 scd
843 3820 1098 3916 imaginationes
1116 3823 1246 3914 semper
1262 3819 1406 3910 durant,
1420 3843 1483 3894 nec
1503 3843 1651 3915 unquam

425 3913 545 3986 definit
562 3931 703 3988 mortem
728 3933 857 4006 optare.
1034 3937 1039 3942 ·
1493 3997 1497 4006 ,

474 4008 580 4100 Quod
602 4011 804 4100 Amplitudo
826 4010 930 4080 veiim
957 4011 1000 4082 de
1016 4011 1115 4082 Duce
1142 4031 1221 4108 erga
1241 4011 1410 4084 dominum
1430 4008 1647 4101 ‘sysrrncbum

423 4095 552 4176 scribit,
574 4095 636 4183 jam
651 4103 711 4171 diu
730 4101 891 4173 subolseci
902 4104 979 4191 3sed
996 4109 1136 4181 omnino
1150 4111 1194 4182 ita
1211 4109 1308 4201 spero
1326 4107 1477 4180 futurum
1495 4109 1546 4182 ud
1564 4109 1650 4181 Am·

422 4189 552 4289 plitudo
576 4190 681 4261 vestm
705 4193 798 4266 dicit.
883 4211 887 4218 ·

470 4289 525 4362 De
543 4285 705 4360 Fuicardo
720 4287 785 4382 jam
813 4285 937 4383 scripit
955 4295 1155 4372 Dieterlicin
1174 4299 1220 4370 nd
1233 4296 1500 4392 Imperatorem,
1524 4299 1651 4372 omniu·

421 4409 489 4482 que
507 4384 635 4484 optima
646 4383 1033 4487 speramru‚1ocumquc
1048 4396 1094 4470 illi
1109 4395 1330 4488 pedmus,ut
1343 4397 1384 4470 fit
1406 4395 1646 4473 Genrilhurumr
