3736 5142
254 541 339 635 Ao
355 533 591 638 tronum
614 555 671 618 nr
684 529 893 622 nrrrn
910 529 1265 632 zurounrrurr.
1323 483 1404 649 243

367 727 831 840 Error-oon
911 729 1223 814 cxxxv.

238 936 355 1020 na
385 923 595 1036 Hatra
613 918 692 1042 00.
707 915 896 1042 ovam
1087 913 1168 1030 ari-0
1182 915 1254 1032 n
1281 919 1407 1010 in

185 1044 473 1350 ῗθξξρενεατ,
501 1029 549 1120 ab
568 1029 862 1140 Arotreptscopo
888 1029 1110 1146 Hrspaltnfi
1126 1031 1413 1144 persolvendos·-

299 1174 370 1234 rtae
389 1143 543 1260 negotia
557 1140 767 1256 gravifflma
786 1140 811 1226 l
827 1141 938 1253 Rege.
964 1141 1128 1230 traiiari
1150 1165 1291 1254 cupra,
1323 1171 1406 1262 quae

195 1260 257 1377 qui
281 1287 336 1345 ent
348 1255 498 1372 scripto
524 1251 753 1342 commutare
772 1249 959 1365 Hoppero
979 1253 1144 1341 intutum
1170 1255 1305 1368 vistim.

191 1447 269 1645 S.
291 1549 329 1622 Ρ.
354 1546 459 1646 Quod
484 1566 574 1622 nunc
596 1545 729 1637 scnbo,¹
744 1541 947 1622 Reverende
966 1543 1109 1635 prasus,
1131 1539 1218 1618 nihii
1229 1546 1317 1622 aliud
1339 1547 1416 1639 eff,

189 1650 294 1740 qulm
313 1661 402 1718 totos
419 1665 510 1718 nunc
528 1641 598 1716 esic
612 1663 676 1717 nos
694 1653 874 1736 occupatos
892 1659 931 1715 ut
947 1647 1050 1734 quim
1068 1643 1283 1736 copiosissime
1301 1647 1409 1720 omni-

188 1739 254 1814 bus
273 1739 318 1812 de
332 1741 430 1814 rebus
450 1739 575 1821 advos
597 1737 771 1810 scribamus
785 1761 846 1828 per
860 1738 1051 1828 cursorem,
1073 1741 1132 1832 qui
1153 1741 1256 1814 brevi
1278 1743 1325 1815 est
1347 1745 1409 1816 itu-

189 1857 258 1910 rus.
312 1835 408 1907 Abiit
436 1835 516 1904 hinc
538 1833 699 1926 ¹domiuus
720 1831 897 1922 Tysnacus
922 1831 1034 1902 XVII.
1064 1836 1183 1904 mensu
1210 1836 1412 1924 superioris,

178 1933 366 2022 ‚credoque
393 1926 485 1996 illum
510 1944 602 1995 nunc
622 1923 778 2016 navigare
807 1924 892 1994 inter
910 1921 1148 2014 Carthaginem
1168 1927 1205 1996 δι
1228 1927 1412 2018 Genuam3

192 2027 261 2116 dt,
292 2025 318 2097 si
341 2019 452 2095 omnia
480 2017 624 2092 secunda
649 2018 736 2106 sint,
769 2034 850 2091 ante
865 2016 1018 2090 Natalem
1038 2015 1181 2090 Domini
1203 2019 1302 2089 vobis
1321 2023 1414 2114 porse

191 2121 313 2194 adeiie.

241 2217 321 2288 Rex
336 2213 457 2286 abhinc
474 2210 589 2302 paucis
606 2207 724 2282 diebus
741 2205 836 2280 dedit
852 2206 912 2278 uni
928 2226 969 2278 ex
985 2207 1060 2282 siliis
1077 2209 1159 2281 meis
1174 2209 1337 2286 ducentos
1350 2213 1414 2288 du·

196 2325 290 2380 catos
309 2325 440 2380 annuos
459 2305 557 2398 super
575 2302 873 2398 Arebiepiscopatu
887 2301 1096 2397 Hispalam,
1120 2305 1216 2400 plura
1235 2327 1312 2380 curn
1330 2327 1416 2384 tem·

196 2424 283 2496 pore
299 2403 471 2496 pollicem.

242 2499 408 2594 Magnum
437 2498 492 2570 hic
521 2498 645 2570 beilum
673 2511 808 2590 paratur
844 2515 961 2570 contra
997 2497 1135 2572 Mauros
1173 2498 1415 2591 Gunatenies3

195 2597 294 2686 quod
319 2613 397 2668 ante
426 2593 536 2668 secisie
560 2594 675 2668 melius
699 2591 809 2669 suiliet
831 2618 842 2666 .·
867 2593 924 2667 sed
947 2593 1076 2687 praestat
1101 2593 1174 2668 sero
1198 2601 1302 2689 quim
1328 2615 1420 2670 nun-

222 2711 312 2764 uam.

196 2713 300 2862 qu
325 2805 395 2878 quo
421 2786 576 2860 dominus
604 2786 782 2881 Tysnacus
808 2787 905 2874 abiit,
928 2784 1055 2879 placuit
1083 2784 1151 2860 suae
1176 2785 1341 2880 Maiestati
1370 2787 1415 2860 de

184 2882 393 2981 gravissimis
406 2885 576 2978 negociis,
598 2886 641 2956 ad
660 2884 814 2977 regiones
833 2883 959 2956 nostras
978 2881 1244 2975 pertinentibus,
1267 2884 1416 2976 incipere

198 2973 362 3068 mone,
385 2999 467 3072 quas
480 2980 530 3052 his
545 2979 645 3052 literis
656 3001 727 3053 non
746 2981 855 3052 audeo
874 2979 1091 3052 committere.
1134 2979 1338 3070 Acciditque
1356 2979 1418 3052 mi-

198 3073 237 3144 hi
270 3071 344 3146 satis
374 3074 592 3148 incommode
621 3075 865 3150 Deuneterium
892 3073 1044 3148 nondum
1068 3075 1167 3164 plane
1195 3075 1417 3163 convaluisse,

199 3170 296 3259 quod
323 3187 498 3263 nunquam
522 3171 622 3245 video
643 3173 810 3244 futurum.
857 3169 965 3243 Durat
989 3170 1078 3244 enirn
1098 3169 1228 3264 semper
1243 3171 1288 3244 illi
1304 3171 1429 3262 displi-

200 3267 333 3356 centia3
353 3266 455 3338 ficut
475 3265 558 3339 nihil
575 3267 635 3340 srbi
655 3267 779 3362 gratius
796 3265 872 3340 sore
888 3267 1001 3354 dicat,
1023 3267 1126 3358 idque
1150 3263 1277 3359 semper
1301 3269 1417 3340 inore

200 3360 345 3449 habeat,
366 3367 468 3452 quim
490 3362 587 3435 mori.

249 3455 434 3528 folcardus
452 3457 641 3530 Gerbrandi
663 3457 775 3533 adhuc
796 3461 886 3554 apud
907 3481 962 3533 rue
983 3459 1043 3535 est.
1092 3459 1181 3534 Num
1208 3481 1251 3533 ex
1275 3481 1345 3553 quo
1369 3459 1419 3532 in·

203 3549 321 3622 tellexi
347 3551 470 3644 gratius
491 3553 710 3643 Amplitudini
734 3556 852 3630 vestrae
877 3556 1055 3646 Futurum,
1088 3557 1113 3630 st
1140 3557 1231 3649 apud
1248 3556 1452 3646 Principes,

201 3643 375 3718 bohemos
398 3647 497 3736 esset,
520 3650 634 3722 curavi
660 3671 739 3724 cum
765 3651 982 3741 Dietetsteyn
1009 3671 1049 3722 ea
1066 3652 1111 3720 de
1131 3673 1168 3722 re
1189 3651 1420 3735 traiiandum3

200 3741 262 3833 qui
290 3747 392 3834 quim
416 3741 719 3818 benevolentiffime
741 3745 932 3834 respondit,
965 3743 1100 3814 tametsi
1115 3743 1150 3813 in
1177 3742 1236 3818 sua
1259 3739 1421 3832 potestate

202 3839 329 3910 nonsit
351 3858 462 3912 novos
477 3837 652 3911 servitores
672 3839 823 3925 accipere
843 3835 912 3904 sme
932 3835 1015 3904 scitu
1033 3833 1259 3905 &voluntate
1278 3835 1423 3926 Impera·

168 3957 173 3968 ·
202 3933 314 4022 toris,
349 3933 386 4004 in
407 3935 542 4030 gratiam
566 3947 680 4004 tamen
705 3925 946 4021 Amplitudinis
965 3927 1079 4000 vestrae
1102 3926 1138 3999 se
1161 3928 1195 4002 id
1217 3927 1422 4006 libentiffint

203 4027 396 4118 hetorum,
421 4031 462 4102 br
478 4029 522 4100 ad
543 4029 807 4120 Imperatorem,
830 4045 930 4118 quem
950 4023 1173 4117 Amplitudini
1200 4025 1315 4100 vestrae
1343 4050 1422 4104 curn

206 4125 319 4194 omnia
336 4125 423 4196 velle
448 4128 541 4200 certb
561 4139 773 4214 compertum
790 4121 912 4208 habet,
936 4141 975 4192 ea
994 4121 1037 4192 de
1058 4141 1095 4192 re
1113 4121 1323 4218 scripturum.
1370 4129 1424 4200 ln·

207 4213 304 4286 terim
324 4219 525 4312 Amplitudo
542 4221 650 4296 veiha
667 4219 758 4292 suam
779 4219 861 4291 mihi
880 4217 1071 4291 sententiam
1088 4220 1290 4312 perscribere
1309 4223 1423 4313 digna·

207 4311 319 4398 bitur;
341 4331 419 4382 narn
436 4335 476 4386 ur
488 4319 524 4390 in
543 4341 583 4392 ea
597 4315 720 4389 familia
733 4315 912 4389 Folcardus
928 4317 987 4404 sit,
1016 4313 1053 4388 &
1068 4317 1209 4392 honeste
1226 4335 1263 4389 ut
1280 4313 1425 4388 Prusrdis

208 4404 313 4498 Viglii
337 4427 447 4504 nepos
470 4411 590 4507 degat,
614 4433 703 4511 opus
719 4411 780 4488 erit
802 4411 914 4508 aliquo
932 4411 1091 4504 sumptu,
1113 4413 1279 4484 adruinus
1294 4425 1424 4480 trecen-
